Type,Sales per customer,Delivery Status,Category Name,Customer Segment,Customer State,Customer Zipcode,Department Name,Latitude,Longitude,Order Country,Order Customer Id,order date (DateOrders),Order Item Quantity,Sales,Order Item Total,Order Region,Order Status,Product Card Id,Product Name,Product Price,shipping date (DateOrders),Shipping Mode
CASH,309.7200012,Shipping on time,Sporting Goods,Consumer,CA,95125,Fitness,37.29223251,-121.881279,India,19491,1/13/2018 12:06,1,327.75,309.7200012,South Asia,CLOSED,1360,Smart watch ,327.75,1/17/2018 12:06,Standard Class
DEBIT,304.8099976,Advance shipping,Sporting Goods,Home Office,CA,90027,Fitness,34.12594605,-118.2910156,Australia,19490,1/13/2018 11:45,1,327.75,304.8099976,Oceania,COMPLETE,1360,Smart watch ,327.75,1/16/2018 11:45,Standard Class
TRANSFER,294.980011,Shipping canceled,Sporting Goods,Consumer,NY,14150,Fitness,43.01396942,-78.87906647,Australia,19488,1/13/2018 11:03,1,327.75,294.980011,Oceania,CANCELED,1360,Smart watch ,327.75,1/19/2018 11:03,Standard Class
TRANSFER,285.1400146,Late delivery,Sporting Goods,Corporate,FL,33162,Fitness,25.92886925,-80.16287231,China,19486,1/13/2018 10:21,1,327.75,285.1400146,Eastern Asia,PROCESSING,1360,Smart watch ,327.75,1/15/2018 10:21,First Class
CASH,275.3099976,Late delivery,Sporting Goods,Corporate,CA,94583,Fitness,37.77399063,-121.966629,China,19484,1/13/2018 9:39,1,327.75,275.3099976,Eastern Asia,CLOSED,1360,Smart watch ,327.75,1/15/2018 9:39,First Class
TRANSFER,268.7600098,Late delivery,Sporting Goods,Consumer,NY,11520,Fitness,40.65486527,-73.58707428,Indonesia,19482,1/13/2018 8:57,1,327.75,268.7600098,Southeast Asia,PENDING,1360,Smart watch ,327.75,1/18/2018 8:57,Second Class
TRANSFER,262.2000122,Late delivery,Sporting Goods,Corporate,CA,93905,Fitness,36.6763382,-121.656517,Indonesia,19481,1/13/2018 8:36,1,327.75,262.2000122,Southeast Asia,PENDING,1360,Smart watch ,327.75,1/17/2018 8:36,Second Class
TRANSFER,327.75,Late delivery,Sporting Goods,Corporate,MA,1960,Fitness,42.52627564,-70.92703247,India,19479,1/13/2018 7:54,1,327.75,327.75,South Asia,PROCESSING,1360,Smart watch ,327.75,1/15/2018 7:54,First Class
CASH,317.9200134,Late delivery,Sporting Goods,Corporate,CA,90723,Fitness,33.89869309,-118.1745605,India,19476,1/13/2018 6:51,1,327.75,317.9200134,South Asia,CLOSED,1360,Smart watch ,327.75,1/15/2018 6:51,First Class
PAYMENT,311.3599854,Shipping on time,Sporting Goods,Consumer,IL,60056,Fitness,42.04830551,-87.96134186,India,19474,1/13/2018 6:09,1,327.75,311.3599854,South Asia,PENDING_PAYMENT,1360,Smart watch ,327.75,1/13/2018 18:09,Same Day
TRANSFER,309.7200012,Shipping on time,Sporting Goods,Corporate,CA,90813,Fitness,33.78245163,-118.1922455,India,19473,1/13/2018 5:48,1,327.75,309.7200012,South Asia,PROCESSING,1360,Smart watch ,327.75,1/13/2018 17:48,Same Day
TRANSFER,298.25,Late delivery,Sporting Goods,Corporate,CA,95670,Fitness,38.61177445,-121.2828674,Australia,19471,1/13/2018 5:06,1,327.75,298.25,Oceania,PENDING,1360,Smart watch ,327.75,1/17/2018 5:06,Second Class
TRANSFER,288.4200134,Shipping canceled,Sporting Goods,Corporate,MT,59102,Fitness,45.78831101,-108.5594101,Australia,19469,1/13/2018 4:24,1,327.75,288.4200134,Oceania,SUSPECTED_FRAUD,1360,Smart watch ,327.75,1/15/2018 4:24,Second Class
TRANSFER,278.5899963,Late delivery,Sporting Goods,Consumer,PA,18702,Fitness,41.23545456,-75.86985779,Australia,19467,1/13/2018 3:42,1,327.75,278.5899963,Oceania,PENDING,1360,Smart watch ,327.75,1/18/2018 3:42,Second Class
DEBIT,272.0299988,Advance shipping,Sporting Goods,Corporate,MI,48066,Fitness,41.86886215,-84.57365418,China,19465,1/13/2018 3:00,1,327.75,272.0299988,Eastern Asia,COMPLETE,1360,Smart watch ,327.75,1/16/2018 3:00,Standard Class
TRANSFER,268.7600098,Advance shipping,Sporting Goods,Consumer,CA,90706,Fitness,33.90942383,-118.1253586,China,19464,1/13/2018 2:39,1,327.75,268.7600098,Eastern Asia,PROCESSING,1360,Smart watch ,327.75,1/15/2018 2:39,Standard Class
DEBIT,245.8099976,Late delivery,Sporting Goods,Consumer,IL,60187,Fitness,41.86544037,-88.10990143,India,19462,1/13/2018 1:57,1,327.75,245.8099976,South Asia,COMPLETE,1360,Smart watch ,327.75,1/18/2018 1:57,Standard Class
DEBIT,324.4700012,Late delivery,Sporting Goods,Consumer,MI,48238,Fitness,42.39110184,-83.13121796,China,19460,1/13/2018 1:15,1,327.75,324.4700012,Eastern Asia,COMPLETE,1360,Smart watch ,327.75,1/15/2018 1:15,First Class
PAYMENT,321.2000122,Late delivery,Sporting Goods,Consumer,TX,75220,Fitness,32.86539459,-96.86858368,China,19459,1/13/2018 0:54,1,327.75,321.2000122,Eastern Asia,PENDING_PAYMENT,1360,Smart watch ,327.75,1/15/2018 0:54,First Class
CASH,314.6400146,Late delivery,Sporting Goods,Corporate,PA,17013,Fitness,40.03171921,-76.87709808,India,19457,1/13/2018 0:12,1,327.75,314.6400146,South Asia,CLOSED,1360,Smart watch ,327.75,1/15/2018 0:12,First Class
DEBIT,311.3599854,Late delivery,Sporting Goods,Corporate,TX,75228,Fitness,32.81010819,-96.68649292,Australia,19456,01/12/18 23:51,1,327.75,311.3599854,Oceania,COMPLETE,1360,Smart watch ,327.75,1/14/2018 23:51,First Class
TRANSFER,304.8099976,Shipping canceled,Sporting Goods,Consumer,DE,19702,Fitness,39.68188095,-75.64421082,Australia,19454,01/12/18 23:09,1,327.75,304.8099976,Oceania,CANCELED,1360,Smart watch ,327.75,1/13/2018 11:09,Same Day
PAYMENT,298.25,Late delivery,Sporting Goods,Consumer,CA,91402,Fitness,34.15893936,-118.1809387,Singapur,19453,01/12/18 22:48,1,327.75,298.25,Southeast Asia,PENDING_PAYMENT,1360,Smart watch ,327.75,1/13/2018 10:48,Same Day
CASH,288.4200134,Shipping on time,Sporting Goods,Home Office,GA,30318,Fitness,33.81632614,-84.44550324,Indonesia,19451,01/12/18 22:05,1,327.75,288.4200134,Southeast Asia,CLOSED,1360,Smart watch ,327.75,1/16/2018 22:05,Standard Class
DEBIT,278.5899963,Advance shipping,Sporting Goods,Consumer,CA,94539,Fitness,37.49027634,-121.9271088,Australia,19449,01/12/18 21:23,1,327.75,278.5899963,Oceania,COMPLETE,1360,Smart watch ,327.75,1/14/2018 21:23,Standard Class
TRANSFER,272.0299988,Late delivery,Sporting Goods,Corporate,NY,14609,Fitness,43.18824005,-77.56706238,India,19447,01/12/18 20:41,1,327.75,272.0299988,South Asia,PENDING,1360,Smart watch ,327.75,1/17/2018 20:41,Second Class
TRANSFER,268.7600098,Shipping on time,Sporting Goods,Corporate,TX,75211,Fitness,32.753685,-96.86553955,China,19446,01/12/18 20:20,1,327.75,268.7600098,Eastern Asia,PROCESSING,1360,Smart watch ,327.75,1/16/2018 20:20,Standard Class
TRANSFER,128.2200012,Shipping canceled,Electronics,Consumer,NY,11520,Footwear,40.65486527,-73.58707428,Estados Unidos,1509,05/08/16 17:42,3,134.9700012,128.2200012,US Center ,SUSPECTED_FRAUD,278,Under Armour Men's Compression EV SL Slide,44.99000168,5/13/2016 17:42,Standard Class
TRANSFER,278.9700012,Shipping canceled,Cardio Equipment,Consumer,MD,20744,Footwear,38.74266434,-76.9917984,Estados Unidos,1636,04/02/16 19:51,3,299.9700012,278.9700012,West of USA ,SUSPECTED_FRAUD,191,Nike Men's Free 5.0+ Running Shoe,99.98999786,04/07/16 19:51,Standard Class
TRANSFER,272.9700012,Shipping canceled,Cardio Equipment,Consumer,CA,93304,Footwear,35.36254501,-119.0186996,Estados Unidos,2784,8/14/2016 2:51,3,299.9700012,272.9700012,West of USA ,SUSPECTED_FRAUD,191,Nike Men's Free 5.0+ Running Shoe,99.98999786,8/20/2016 2:51,Standard Class
TRANSFER,272.9700012,Shipping canceled,Cardio Equipment,Consumer,MD,20744,Footwear,38.74266434,-76.9917984,Estados Unidos,1636,04/02/16 19:51,3,299.9700012,272.9700012,West of USA ,SUSPECTED_FRAUD,191,Nike Men's Free 5.0+ Running Shoe,99.98999786,04/07/16 19:51,Standard Class
TRANSFER,170.9700012,Shipping canceled,Cleats,Consumer,NY,11368,Apparel,40.74210739,-73.86962128,Estados Unidos,9174,5/18/2016 16:38,3,179.9700012,170.9700012,West of USA ,SUSPECTED_FRAUD,365,Perfect Fitness Perfect Rip Deck,59.99000168,5/20/2016 16:38,Standard Class
TRANSFER,167.3699951,Shipping canceled,Cleats,Consumer,OH,45238,Apparel,39.28849411,-84.3551178,Estados Unidos,122,05/05/16 13:40,3,179.9700012,167.3699951,West of USA ,SUSPECTED_FRAUD,365,Perfect Fitness Perfect Rip Deck,59.99000168,05/08/16 13:40,Standard Class
TRANSFER,158.3699951,Shipping canceled,Cleats,Consumer,MD,20874,Apparel,39.1836586,-77.26545715,Estados Unidos,3800,4/21/2016 2:50,3,179.9700012,158.3699951,East of USA,SUSPECTED_FRAUD,365,Perfect Fitness Perfect Rip Deck,59.99000168,4/24/2016 2:50,Standard Class
TRANSFER,118.7699966,Shipping canceled,Shop By Sport,Consumer,TX,75006,Golf,32.96593094,-96.84902191,Estados Unidos,10029,07/01/16 08:10,3,119.9700012,118.7699966,US Center ,SUSPECTED_FRAUD,627,Under Armour Girls' Toddler Spine Surge Runni,39.99000168,07/03/16 08:10,Standard Class
TRANSFER,73.5,Shipping canceled,Girls' Apparel,Consumer,MD,20874,Golf,39.1836586,-77.26545715,Estados Unidos,3800,4/21/2016 2:50,3,75,73.5,East of USA,SUSPECTED_FRAUD,567,adidas Men's Germany Black Crest Away Tee,25,4/24/2016 2:50,Standard Class
TRANSFER,132,Shipping canceled,Women's Apparel,Consumer,TX,77093,Golf,29.83435631,-95.33792877,Canada,2805,12/17/2016 8:48,3,150,132,Canada,SUSPECTED_FRAUD,502,Nike Men's Dri-FIT Victory Golf Polo,50,12/23/2016 8:48,Standard Class
TRANSFER,132,Shipping canceled,Women's Apparel,Consumer,NY,11520,Golf,40.65486527,-73.58707428,Estados Unidos,1509,05/08/16 17:42,3,150,132,US Center ,SUSPECTED_FRAUD,502,Nike Men's Dri-FIT Victory Golf Polo,50,5/13/2016 17:42,Standard Class
TRANSFER,130.5,Shipping canceled,Women's Apparel,Consumer,TX,77093,Golf,29.83435631,-95.33792877,Canada,2805,12/17/2016 8:48,3,150,130.5,Canada,SUSPECTED_FRAUD,502,Nike Men's Dri-FIT Victory Golf Polo,50,12/23/2016 8:48,Standard Class
TRANSFER,99.58000183,Shipping canceled,Shop By Sport,Consumer,PA,17013,Golf,40.2372818,-76.96795654,Canada,12253,8/30/2016 14:02,3,119.9700012,99.58000183,Canada,SUSPECTED_FRAUD,627,Under Armour Girls' Toddler Spine Surge Runni,39.99000168,09/03/16 14:02,Standard Class
TRANSFER,99.58000183,Shipping canceled,Shop By Sport,Consumer,CA,90023,Golf,34.20339966,-118.6059036,Estados Unidos,3528,7/27/2016 6:01,3,119.9700012,99.58000183,East of USA,SUSPECTED_FRAUD,627,Under Armour Girls' Toddler Spine Surge Runni,39.99000168,7/29/2016 6:01,Standard Class
TRANSFER,74.22000122,Shipping canceled,Accessories,Consumer,HI,96706,Outdoors,21.31185532,-158.0046844,Estados Unidos,11018,7/17/2016 10:14,3,74.97000122,74.22000122,US Center ,SUSPECTED_FRAUD,893,Team Golf Pittsburgh Steelers Putter Grip,24.98999977,7/21/2016 10:14,Standard Class
TRANSFER,40.29000092,Shipping canceled,Trade-In,Consumer,NJ,8701,Outdoors,40.09635925,-74.21524048,Estados Unidos,3222,07/06/16 10:26,3,47.97000122,40.29000092,US Center ,SUSPECTED_FRAUD,924,Glove It Urban Brick Golf Towel,15.98999977,07/12/16 10:26,Standard Class
TRANSFER,227.9600067,Shipping canceled,Cleats,Consumer,NY,13440,Apparel,43.21662521,-75.45603943,Madagascar,6246,09/09/16 22:05,4,239.9600067,227.9600067,East Africa,CANCELED,365,Perfect Fitness Perfect Rip Deck,59.99000168,09/11/16 22:05,Standard Class
TRANSFER,203.9700012,Shipping canceled,Cleats,Consumer,CA,92083,Apparel,33.21121979,-117.2510605,Argelia,8741,8/26/2016 12:38,4,239.9600067,203.9700012,North Africa,CANCELED,365,Perfect Fitness Perfect Rip Deck,59.99000168,09/01/16 12:38,Standard Class
TRANSFER,200,Shipping canceled,Women's Apparel,Consumer,TX,76106,Golf,32.8013916,-97.3302536,Liberia,8050,1/16/2017 22:04,4,200,200,West Africa,CANCELED,502,Nike Men's Dri-FIT Victory Golf Polo,50,1/20/2017 22:04,Standard Class
TRANSFER,156.7599945,Shipping canceled,Shop By Sport,Consumer,TX,76106,Golf,32.8013916,-97.3302536,Liberia,8050,1/16/2017 22:04,4,159.9600067,156.7599945,West Africa,CANCELED,627,Under Armour Girls' Toddler Spine Surge Runni,39.99000168,1/20/2017 22:04,Standard Class
TRANSFER,189,Shipping canceled,Women's Apparel,Consumer,WI,54935,Golf,43.78569031,-88.47438049,Sudán,5474,9/28/2016 10:19,4,200,189,North Africa,CANCELED,502,Nike Men's Dri-FIT Victory Golf Polo,50,10/03/16 10:19,Standard Class
TRANSFER,79.97000122,Shipping canceled,Accessories,Consumer,PA,19139,Outdoors,39.79661942,-75.47006989,Costa de Marfil,474,09/03/16 15:26,4,99.95999908,79.97000122,West Africa,CANCELED,905,Team Golf Texas Longhorns Putter Grip,24.98999977,09/05/16 15:26,Standard Class
TRANSFER,363.9599915,Advance shipping,Cardio Equipment,Consumer,CA,91764,Footwear,34.07656479,-117.61409,Zambia,12255,9/16/2016 1:13,4,399.9599915,363.9599915,East Africa,PENDING,191,Nike Men's Free 5.0+ Running Shoe,99.98999786,9/18/2016 1:13,Standard Class
TRANSFER,239.9600067,Shipping on time,Cleats,Consumer,FL,32765,Apparel,28.62217712,-81.20755768,Marruecos,10288,10/20/2016 3:59,4,239.9600067,239.9600067,North Africa,PENDING,365,Perfect Fitness Perfect Rip Deck,59.99000168,10/24/2016 3:59,Standard Class
TRANSFER,230.3600006,Late delivery,Cleats,Consumer,NY,14221,Apparel,42.9666214,-78.74194336,Egipto,4717,01/07/17 00:11,4,239.9600067,230.3600006,North Africa,PENDING,365,Perfect Fitness Perfect Rip Deck,59.99000168,01/12/17 00:11,Standard Class
TRANSFER,227.9600067,Late delivery,Cleats,Consumer,HI,96822,Apparel,21.30562019,-157.8386993,Senegal,4799,10/10/16 06:06,4,239.9600067,227.9600067,West Africa,PENDING,365,Perfect Fitness Perfect Rip Deck,59.99000168,10/15/2016 6:06,Standard Class
TRANSFER,226.7599945,Advance shipping,Cleats,Consumer,CA,92056,Apparel,33.18587494,-117.3658524,Egipto,4533,09/06/16 13:30,4,239.9600067,226.7599945,North Africa,PENDING,365,Perfect Fitness Perfect Rip Deck,59.99000168,09/08/16 13:30,Standard Class
TRANSFER,208.7700043,Late delivery,Cleats,Consumer,NY,14120,Apparel,43.02910233,-78.87342072,Marruecos,12383,01/06/17 01:25,4,239.9600067,208.7700043,North Africa,PENDING,365,Perfect Fitness Perfect Rip Deck,59.99000168,01/11/17 01:25,Standard Class
TRANSFER,200,Late delivery,Women's Apparel,Consumer,CA,93611,Golf,36.82690048,-119.6776962,Costa de Marfil,3518,12/28/2016 7:33,4,200,200,West Africa,PENDING,502,Nike Men's Dri-FIT Victory Golf Polo,50,01/03/17 07:33,Standard Class
TRANSFER,198,Late delivery,Women's Apparel,Consumer,NY,11434,Golf,40.70170975,-73.80841827,Egipto,4674,8/25/2016 18:46,4,200,198,North Africa,PENDING,502,Nike Men's Dri-FIT Victory Golf Polo,50,8/30/2016 18:46,Standard Class
TRANSFER,155.1600037,Shipping on time,Shop By Sport,Consumer,IL,62040,Golf,38.69002152,-90.14477539,Níger,8519,09/05/16 10:10,4,159.9600067,155.1600037,West Africa,PENDING,627,Under Armour Girls' Toddler Spine Surge Runni,39.99000168,09/09/16 10:10,Standard Class
TRANSFER,151.1600037,Late delivery,Shop By Sport,Consumer,MA,2155,Golf,42.41968918,-71.10621643,Marruecos,5302,11/28/2016 9:00,4,159.9600067,151.1600037,North Africa,PENDING,627,Under Armour Girls' Toddler Spine Surge Runni,39.99000168,12/03/16 09:00,Standard Class
TRANSFER,111.5999985,Advance shipping,Girls' Apparel,Consumer,CA,91766,Golf,34.04991913,-117.7161026,SudAfrica,3594,09/02/16 13:30,4,120,111.5999985,Southern Africa,PENDING,564,Nike Men's Deutschland Weltmeister Winners Bl,30,09/05/16 13:30,Standard Class
TRANSFER,170,Shipping on time,Women's Apparel,Consumer,AZ,85281,Golf,33.41519928,-111.9199905,Marruecos,9890,11/19/2016 21:27,4,200,170,North Africa,PENDING,502,Nike Men's Dri-FIT Victory Golf Polo,50,11/23/2016 21:27,Standard Class
TRANSFER,160,Advance shipping,Women's Apparel,Consumer,CA,92703,Golf,33.74279404,-117.8847504,Sudán,1410,9/14/2016 5:26,4,200,160,North Africa,PENDING,502,Nike Men's Dri-FIT Victory Golf Polo,50,9/16/2016 5:26,Standard Class
TRANSFER,150,Late delivery,Women's Apparel,Consumer,PA,17402,Golf,39.9602356,-76.67675781,Nigeria,7521,11/05/16 09:13,4,200,150,West Africa,PENDING,502,Nike Men's Dri-FIT Victory Golf Polo,50,11/10/16 09:13,Standard Class
TRANSFER,94.45999908,Shipping on time,Accessories,Consumer,CO,80010,Outdoors,39.74543381,-104.8753815,Nigeria,2106,12/08/16 12:08,4,99.95999908,94.45999908,West Africa,PENDING,885,Team Golf St. Louis Cardinals Putter Grip,24.98999977,12/12/16 12:08,Standard Class
TRANSFER,395.9599915,Late delivery,Cardio Equipment,Consumer,CA,93065,Footwear,34.27391052,-118.7662125,Mozambique,8144,1/14/2017 14:22,4,399.9599915,395.9599915,East Africa,PROCESSING,191,Nike Men's Free 5.0+ Running Shoe,99.98999786,1/19/2017 14:22,Standard Class
TRANSFER,391.9599915,Late delivery,Cardio Equipment,Consumer,MD,20904,Footwear,39.04636002,-76.98272705,SudAfrica,5643,11/05/16 19:43,4,399.9599915,391.9599915,Southern Africa,PROCESSING,191,Nike Men's Free 5.0+ Running Shoe,99.98999786,11/10/16 19:43,Standard Class
TRANSFER,379.9599915,Advance shipping,Cardio Equipment,Consumer,MN,55124,Footwear,44.72552109,-93.20613098,Tanzania,2041,9/17/2016 23:07,4,399.9599915,379.9599915,East Africa,PROCESSING,191,Nike Men's Free 5.0+ Running Shoe,99.98999786,9/20/2016 23:07,Standard Class
TRANSFER,363.9599915,Advance shipping,Cardio Equipment,Consumer,TX,78201,Footwear,29.45598984,-98.52809143,Somalia,7537,11/14/2016 13:14,4,399.9599915,363.9599915,East Africa,PROCESSING,191,Nike Men's Free 5.0+ Running Shoe,99.98999786,11/17/2016 13:14,Standard Class
TRANSFER,359.9599915,Late delivery,Cardio Equipment,Consumer,PA,19143,Footwear,39.95672989,-75.19525909,Ruanda,3056,12/11/16 15:49,4,399.9599915,359.9599915,East Africa,PROCESSING,191,Nike Men's Free 5.0+ Running Shoe,99.98999786,12/16/2016 15:49,Standard Class
TRANSFER,351.9599915,Late delivery,Cardio Equipment,Consumer,PA,19143,Footwear,39.95672989,-75.19525909,Ruanda,3056,12/11/16 15:49,4,399.9599915,351.9599915,East Africa,PROCESSING,191,Nike Men's Free 5.0+ Running Shoe,99.98999786,12/16/2016 15:49,Standard Class
TRANSFER,351.9599915,Advance shipping,Cardio Equipment,Consumer,PA,19149,Footwear,40.03775024,-75.06806183,Egipto,7967,11/08/16 13:14,4,399.9599915,351.9599915,North Africa,PROCESSING,191,Nike Men's Free 5.0+ Running Shoe,99.98999786,11/10/16 13:14,Standard Class
TRANSFER,339.9700012,Shipping on time,Cardio Equipment,Consumer,NY,10466,Footwear,40.86353684,-73.87049866,SudAfrica,1758,11/22/2016 2:00,4,399.9599915,339.9700012,Southern Africa,PROCESSING,191,Nike Men's Free 5.0+ Running Shoe,99.98999786,11/26/2016 2:00,Standard Class
DEBIT,124.7900009,Advance shipping,Men's Footwear,Corporate,NC,27858,Apparel,35.60034943,-77.33486939,Turquía,7884,8/31/2016 12:06,1,129.9900055,124.7900009,West Asia,COMPLETE,403,Nike Men's CJ Elite 2 TD Football Cleat,129.9900055,09/02/16 12:06,Standard Class
DEBIT,124.7900009,Advance shipping,Men's Footwear,Corporate,NJ,7960,Apparel,40.80119324,-74.48561096,Israel,289,09/03/16 13:41,1,129.9900055,124.7900009,West Asia,COMPLETE,403,Nike Men's CJ Elite 2 TD Football Cleat,129.9900055,09/05/16 13:41,Standard Class
DEBIT,56.99000168,Shipping on time,Cleats,Corporate,CA,92115,Apparel,32.77627945,-117.1342163,Australia,10081,2/16/2016 4:09,1,59.99000168,56.99000168,Oceania,COMPLETE,365,Perfect Fitness Perfect Rip Deck,59.99000168,2/20/2016 4:09,Standard Class
DEBIT,123.4899979,Advance shipping,Men's Footwear,Corporate,CA,93030,Apparel,34.19039154,-119.177803,Australia,1169,12/31/2015 19:27,1,129.9900055,123.4899979,Oceania,COMPLETE,403,Nike Men's CJ Elite 2 TD Football Cleat,129.9900055,01/03/16 19:27,Standard Class
DEBIT,123.4899979,Advance shipping,Men's Footwear,Corporate,FL,33147,Apparel,25.82507515,-80.19588471,Nueva Zelanda,1182,3/26/2016 8:07,1,129.9900055,123.4899979,Oceania,COMPLETE,403,Nike Men's CJ Elite 2 TD Football Cleat,129.9900055,3/28/2016 8:07,Standard Class
DEBIT,123.4899979,Late delivery,Men's Footwear,Corporate,NM,87111,Apparel,35.13143921,-106.5452042,Australia,717,01/02/16 00:11,1,129.9900055,123.4899979,Oceania,COMPLETE,403,Nike Men's CJ Elite 2 TD Football Cleat,129.9900055,01/07/16 00:11,Standard Class
DEBIT,205.0299988,Late delivery,Women's Clothing,Corporate,TX,79109,Apparel,35.18754196,-101.8676224,Australia,20423,1/27/2018 2:38,1,215.8200073,205.0299988,Oceania,COMPLETE,1363,Summer dresses,215.8200073,02/02/18 02:38,Standard Class
DEBIT,123.4899979,Shipping on time,Men's Footwear,Corporate,FL,33549,Apparel,28.08681297,-82.43898773,Bangladés,5801,01/03/16 07:22,1,129.9900055,123.4899979,South Asia,COMPLETE,403,Nike Men's CJ Elite 2 TD Football Cleat,129.9900055,01/07/16 07:22,Standard Class
DEBIT,123.4899979,Advance shipping,Men's Footwear,Corporate,OR,97701,Apparel,44.07210541,-12.13232708,India,702,2/14/2016 5:54,1,129.9900055,123.4899979,South Asia,COMPLETE,403,Nike Men's CJ Elite 2 TD Football Cleat,129.9900055,2/16/2016 5:54,Standard Class
DEBIT,123.4899979,Late delivery,Men's Footwear,Corporate,NJ,8816,Apparel,40.41255188,-74.41832733,Tailandia,6951,11/28/2015 1:06,1,129.9900055,123.4899979,Southeast Asia,COMPLETE,403,Nike Men's CJ Elite 2 TD Football Cleat,129.9900055,12/03/15 01:06,Standard Class
DEBIT,123.4899979,Late delivery,Men's Footwear,Corporate,SC,29720,Apparel,34.85777283,-80.84423828,Tailandia,6780,12/11/15 15:17,1,129.9900055,123.4899979,Southeast Asia,COMPLETE,403,Nike Men's CJ Elite 2 TD Football Cleat,129.9900055,12/17/2015 15:17,Standard Class
DEBIT,56.99000168,Shipping on time,Cleats,Corporate,CA,91762,Apparel,34.06832504,-117.6557541,Irak,6422,9/17/2016 4:12,1,59.99000168,56.99000168,West Asia,COMPLETE,365,Perfect Fitness Perfect Rip Deck,59.99000168,9/21/2016 4:12,Standard Class
DEBIT,123.4899979,Advance shipping,Men's Footwear,Corporate,NJ,7960,Apparel,40.80119324,-74.48561096,Israel,289,09/03/16 13:41,1,129.9900055,123.4899979,West Asia,COMPLETE,403,Nike Men's CJ Elite 2 TD Football Cleat,129.9900055,09/05/16 13:41,Standard Class
DEBIT,123.4899979,Shipping on time,Men's Footwear,Corporate,TX,77015,Apparel,29.7805748,-95.17199707,Turquía,5384,12/12/16 01:59,1,129.9900055,123.4899979,West Asia,COMPLETE,403,Nike Men's CJ Elite 2 TD Football Cleat,129.9900055,12/16/2016 1:59,Standard Class
DEBIT,123.4899979,Shipping on time,Men's Footwear,Corporate,VA,23666,Apparel,37.05174255,-76.40163422,Arabia Saudí,2985,10/28/2016 15:11,1,129.9900055,123.4899979,West Asia,COMPLETE,403,Nike Men's CJ Elite 2 TD Football Cleat,129.9900055,11/01/16 15:11,Standard Class
DEBIT,436.1000061,Advance shipping,Crafts,Corporate,NY,10016,Apparel,40.74559021,-73.97927856,China,18349,12/27/2017 20:01,1,461.480011,436.1000061,Eastern Asia,COMPLETE,1353,Porcelain crafts,461.480011,12/29/2017 20:01,Standard Class
DEBIT,122.8399963,Shipping on time,Men's Footwear,Corporate,CA,93257,Apparel,35.93829727,-118.9438477,China,11286,02/12/16 12:34,1,129.9900055,122.8399963,Eastern Asia,COMPLETE,403,Nike Men's CJ Elite 2 TD Football Cleat,129.9900055,2/16/2016 12:34,Standard Class
DEBIT,56.68999863,Advance shipping,Cleats,Corporate,OR,97223,Apparel,45.59825897,-12.27242851,Australia,489,3/15/2016 7:58,1,59.99000168,56.68999863,Oceania,COMPLETE,365,Perfect Fitness Perfect Rip Deck,59.99000168,3/18/2016 7:58,Standard Class
DEBIT,122.8399963,Advance shipping,Men's Footwear,Corporate,OH,44136,Apparel,41.3469696,-81.82631683,Nueva Zelanda,4510,3/28/2016 0:25,1,129.9900055,122.8399963,Oceania,COMPLETE,403,Nike Men's CJ Elite 2 TD Football Cleat,129.9900055,3/30/2016 0:25,Standard Class
DEBIT,122.8399963,Shipping on time,Men's Footwear,Corporate,TX,79927,Apparel,31.65174103,-106.2676239,Australia,9626,3/14/2016 20:03,1,129.9900055,122.8399963,Oceania,COMPLETE,403,Nike Men's CJ Elite 2 TD Football Cleat,129.9900055,3/18/2016 20:03,Standard Class
DEBIT,122.8399963,Late delivery,Men's Footwear,Corporate,TX,78840,Apparel,29.77310181,-100.6121979,India,9494,11/18/2015 9:53,1,129.9900055,122.8399963,South Asia,COMPLETE,403,Nike Men's CJ Elite 2 TD Football Cleat,129.9900055,11/23/2015 9:53,Standard Class
DEBIT,122.8399963,Late delivery,Men's Footwear,Corporate,NY,14221,Apparel,42.9666214,-78.74194336,Filipinas,1718,12/20/2015 16:29,1,129.9900055,122.8399963,Southeast Asia,COMPLETE,403,Nike Men's CJ Elite 2 TD Football Cleat,129.9900055,12/26/2015 16:29,Standard Class
DEBIT,122.8399963,Shipping on time,Men's Footwear,Corporate,TX,77015,Apparel,29.7805748,-95.17199707,Turquía,5384,12/12/16 01:59,1,129.9900055,122.8399963,West Asia,COMPLETE,403,Nike Men's CJ Elite 2 TD Football Cleat,129.9900055,12/16/2016 1:59,Standard Class
DEBIT,122.8399963,Shipping on time,Men's Footwear,Corporate,UT,84010,Apparel,40.86649323,-111.8493271,Turquía,5295,09/10/16 05:47,1,129.9900055,122.8399963,West Asia,COMPLETE,403,Nike Men's CJ Elite 2 TD Football Cleat,129.9900055,9/14/2016 5:47,Standard Class
DEBIT,122.8399963,Shipping on time,Men's Footwear,Corporate,VA,23666,Apparel,37.05174255,-76.40163422,Arabia Saudí,2985,10/28/2016 15:11,1,129.9900055,122.8399963,West Asia,COMPLETE,403,Nike Men's CJ Elite 2 TD Football Cleat,129.9900055,11/01/16 15:11,Standard Class
DEBIT,120.8899994,Late delivery,Men's Footwear,Corporate,WA,98031,Apparel,47.39371109,-122.2228317,Kazajistán,3984,09/07/16 01:04,1,129.9900055,120.8899994,Central Asia,COMPLETE,403,Nike Men's CJ Elite 2 TD Football Cleat,129.9900055,09/12/16 01:04,Standard Class
DEBIT,120.8899994,Advance shipping,Men's Footwear,Corporate,IL,60620,Apparel,41.74866486,-87.66320038,China,5270,11/11/15 03:45,1,129.9900055,120.8899994,Eastern Asia,COMPLETE,403,Nike Men's CJ Elite 2 TD Football Cleat,129.9900055,11/14/2015 3:45,Standard Class
DEBIT,120.8899994,Advance shipping,Men's Footwear,Corporate,MA,2360,Apparel,41.95851135,-70.66861725,China,10966,12/13/2015 22:17,1,129.9900055,120.8899994,Eastern Asia,COMPLETE,403,Nike Men's CJ Elite 2 TD Football Cleat,129.9900055,12/16/2015 22:17,Standard Class
DEBIT,120.8899994,Shipping on time,Men's Footwear,Corporate,NY,11691,Apparel,40.59949493,-73.76248169,China,1868,01/07/16 05:57,1,129.9900055,120.8899994,Eastern Asia,COMPLETE,403,Nike Men's CJ Elite 2 TD Football Cleat,129.9900055,01/11/16 05:57,Standard Class
DEBIT,200.7100067,Shipping on time,Women's Clothing,Corporate,TX,77088,Apparel,29.66958237,-95.24147034,China,17446,12/14/2017 15:39,1,215.8200073,200.7100067,Eastern Asia,COMPLETE,1363,Summer dresses,215.8200073,12/18/2017 15:39,Standard Class
DEBIT,55.79000092,Late delivery,Cleats,Corporate,PA,19124,Apparel,40.01562119,-75.08410645,Australia,10071,3/15/2016 3:45,1,59.99000168,55.79000092,Oceania,COMPLETE,365,Perfect Fitness Perfect Rip Deck,59.99000168,3/21/2016 3:45,Standard Class
DEBIT,120.8899994,Advance shipping,Men's Footwear,Corporate,CA,93065,Apparel,34.27391052,-118.7662125,Australia,1271,3/16/2016 10:14,1,129.9900055,120.8899994,Oceania,COMPLETE,403,Nike Men's CJ Elite 2 TD Football Cleat,129.9900055,3/19/2016 10:14,Standard Class
DEBIT,120.8899994,Shipping on time,Men's Footwear,Corporate,MI,48227,Apparel,42.39807892,-83.20157623,Australia,11930,02/06/16 02:25,1,129.9900055,120.8899994,Oceania,COMPLETE,403,Nike Men's CJ Elite 2 TD Football Cleat,129.9900055,02/10/16 02:25,Standard Class
DEBIT,200.7100067,Advance shipping,Women's Clothing,Corporate,CA,92840,Apparel,33.77366638,-118.0033035,Australia,20529,1/28/2018 15:46,1,215.8200073,200.7100067,Oceania,COMPLETE,1363,Summer dresses,215.8200073,1/30/2018 15:46,Standard Class
DEBIT,120.8899994,Shipping on time,Men's Footwear,Corporate,CA,92105,Apparel,32.74953461,-117.1046524,India,8358,12/18/2015 5:59,1,129.9900055,120.8899994,South Asia,COMPLETE,403,Nike Men's CJ Elite 2 TD Football Cleat,129.9900055,12/22/2015 5:59,Standard Class
DEBIT,120.8899994,Late delivery,Men's Footwear,Corporate,IL,60609,Apparel,41.89551926,-87.71821594,Irán,7705,1/17/2017 12:26,1,129.9900055,120.8899994,South Asia,COMPLETE,403,Nike Men's CJ Elite 2 TD Football Cleat,129.9900055,1/22/2017 12:26,Standard Class
DEBIT,200.7100067,Late delivery,Women's Clothing,Corporate,CA,92870,Apparel,33.99459839,-117.9534302,India,17392,12/13/2017 20:44,1,215.8200073,200.7100067,South Asia,COMPLETE,1363,Summer dresses,215.8200073,12/18/2017 20:44,Standard Class
DEBIT,429.1799927,Shipping on time,Crafts,Corporate,CA,95148,Apparel,37.32554245,-121.7993469,Indonesia,18276,12/26/2017 18:26,1,461.480011,429.1799927,Southeast Asia,COMPLETE,1353,Porcelain crafts,461.480011,12/30/2017 18:26,Standard Class
DEBIT,120.8899994,Advance shipping,Men's Footwear,Corporate,HI,96822,Apparel,21.30562019,-157.8386993,Indonesia,7795,1/27/2016 12:14,1,129.9900055,120.8899994,Southeast Asia,COMPLETE,403,Nike Men's CJ Elite 2 TD Football Cleat,129.9900055,1/29/2016 12:14,Standard Class
DEBIT,200.7100067,Advance shipping,Women's Clothing,Corporate,OH,44060,Apparel,41.71363831,-81.36167908,Myanmar (Birmania),20655,1/30/2018 11:54,1,215.8200073,200.7100067,Southeast Asia,COMPLETE,1363,Summer dresses,215.8200073,02/02/18 11:54,Standard Class
DEBIT,120.8899994,Shipping on time,Men's Footwear,Corporate,CA,95051,Apparel,37.34306717,-121.9839325,Turquía,2454,8/30/2016 8:47,1,129.9900055,120.8899994,West Asia,COMPLETE,403,Nike Men's CJ Elite 2 TD Football Cleat,129.9900055,09/03/16 08:47,Standard Class
DEBIT,120.8899994,Late delivery,Men's Footwear,Corporate,NJ,7083,Apparel,33.68896103,-117.9957428,Irak,150,11/17/2016 4:59,1,129.9900055,120.8899994,West Asia,COMPLETE,403,Nike Men's CJ Elite 2 TD Football Cleat,129.9900055,11/22/2016 4:59,Standard Class
DEBIT,118.2900009,Advance shipping,Men's Footwear,Corporate,CA,90805,Apparel,33.79319763,-118.1895294,Uzbekistán,10671,12/29/2016 15:26,1,129.9900055,118.2900009,Central Asia,COMPLETE,403,Nike Men's CJ Elite 2 TD Football Cleat,129.9900055,12/31/2016 15:26,Standard Class
DEBIT,54.59000015,Advance shipping,Cleats,Corporate,CA,92683,Apparel,33.75820923,-118.0019073,China,11924,03/10/16 04:59,1,59.99000168,54.59000015,Eastern Asia,COMPLETE,365,Perfect Fitness Perfect Rip Deck,59.99000168,03/12/16 04:59,Standard Class
DEBIT,191.8699951,Shipping on time,Men's Clothing,Corporate,FL,33068,Apparel,26.21472931,-80.23004913,China,16086,11/24/2017 19:11,1,210.8500061,191.8699951,Eastern Asia,COMPLETE,1357,Men's gala suit,210.8500061,11/28/2017 19:11,Standard Class
DEBIT,225,Shipping on time,Women's Apparel,Consumer,CA,91702,Golf,34.13932037,-117.9074402,Benín,4398,12/10/16 13:11,5,250,225,West Africa,COMPLETE,502,Nike Men's Dri-FIT Victory Golf Polo,50,12/14/2016 13:11,Standard Class
DEBIT,220,Advance shipping,Women's Apparel,Consumer,FL,33324,Golf,26.0984993,-80.27095032,Nigeria,5687,10/26/2016 6:25,5,250,220,West Africa,COMPLETE,502,Nike Men's Dri-FIT Victory Golf Polo,50,10/28/2016 6:25,Standard Class
DEBIT,173.9600067,Advance shipping,Shop By Sport,Consumer,TX,78201,Golf,29.46007919,-98.52754211,Nigeria,8534,10/19/2016 6:36,5,199.9499969,173.9600067,West Africa,COMPLETE,627,Under Armour Girls' Toddler Spine Surge Runni,39.99000168,10/22/2016 6:36,Standard Class
DEBIT,169.9600067,Shipping on time,Shop By Sport,Consumer,NJ,8540,Golf,40.35742188,-74.64842224,República Democrática del Congo,3372,11/06/16 23:24,5,199.9499969,169.9600067,Central Africa,COMPLETE,627,Under Armour Girls' Toddler Spine Surge Runni,39.99000168,11/10/16 23:24,Standard Class
DEBIT,210,Late delivery,Women's Apparel,Consumer,NJ,8861,Golf,40.50980377,-74.26966858,Nigeria,10927,9/29/2016 16:27,5,250,210,West Africa,COMPLETE,502,Nike Men's Dri-FIT Victory Golf Polo,50,10/05/16 16:27,Standard Class
DEBIT,207.5,Shipping on time,Women's Apparel,Consumer,FL,33162,Golf,25.93001556,-80.16291046,Camerún,3597,09/03/16 12:38,5,250,207.5,Central Africa,COMPLETE,502,Nike Men's Dri-FIT Victory Golf Polo,50,09/07/16 12:38,Standard Class
DEBIT,207.5,Late delivery,Women's Apparel,Consumer,OH,45140,Golf,39.27056122,-84.27059174,Angola,2052,11/07/16 10:15,5,250,207.5,Central Africa,COMPLETE,502,Nike Men's Dri-FIT Victory Golf Polo,50,11/12/16 10:15,Standard Class
DEBIT,207.5,Advance shipping,Women's Apparel,Consumer,VA,23455,Golf,36.91083145,-76.12958527,Nigeria,4399,11/12/16 05:10,5,250,207.5,West Africa,COMPLETE,502,Nike Men's Dri-FIT Victory Golf Polo,50,11/15/2016 5:10,Standard Class
DEBIT,205,Advance shipping,Women's Apparel,Consumer,KY,40214,Golf,38.15983963,-85.59026337,Kenia,185,11/26/2016 12:30,5,250,205,East Africa,COMPLETE,502,Nike Men's Dri-FIT Victory Golf Polo,50,11/29/2016 12:30,Standard Class
DEBIT,205,Late delivery,Women's Apparel,Consumer,NY,14094,Golf,43.16891098,-78.69216156,Zambia,3441,12/09/16 22:07,5,250,205,East Africa,COMPLETE,502,Nike Men's Dri-FIT Victory Golf Polo,50,12/15/2016 22:07,Standard Class
DEBIT,205,Late delivery,Women's Apparel,Consumer,IL,60608,Golf,41.89491653,-87.76180267,Nigeria,11947,10/02/16 15:55,5,250,205,West Africa,COMPLETE,502,Nike Men's Dri-FIT Victory Golf Polo,50,10/07/16 15:55,Standard Class
DEBIT,200,Shipping on time,Women's Apparel,Consumer,NY,10314,Golf,40.58441544,-74.15991974,Camerún,1555,10/20/2016 21:30,5,250,200,Central Africa,COMPLETE,502,Nike Men's Dri-FIT Victory Golf Polo,50,10/24/2016 21:30,Standard Class
DEBIT,149.9600067,Late delivery,Shop By Sport,Consumer,AZ,85719,Golf,32.27982712,-110.9582291,República Democrática del Congo,9399,10/06/16 14:51,5,199.9499969,149.9600067,Central Africa,COMPLETE,627,Under Armour Girls' Toddler Spine Surge Runni,39.99000168,10/12/16 14:51,Standard Class
DEBIT,187.5,Late delivery,Women's Apparel,Consumer,MA,2360,Golf,41.92736816,-70.7484436,Togo,2792,12/19/2016 9:30,5,250,187.5,West Africa,COMPLETE,502,Nike Men's Dri-FIT Victory Golf Polo,50,12/24/2016 9:30,Standard Class
DEBIT,124.9499969,Late delivery,Accessories,Consumer,OH,44120,Outdoors,41.47653961,-81.72341919,SudAfrica,10118,09/02/16 12:48,5,124.9499969,124.9499969,Southern Africa,COMPLETE,906,Team Golf Tennessee Volunteers Putter Grip,24.98999977,09/08/16 12:48,Standard Class
DEBIT,118.6999969,Late delivery,Accessories,Consumer,NY,10458,Outdoors,40.87030411,-73.87062073,Senegal,8544,10/11/16 15:22,5,124.9499969,118.6999969,West Africa,COMPLETE,885,Team Golf St. Louis Cardinals Putter Grip,24.98999977,10/16/2016 15:22,Standard Class
DEBIT,118.0800018,Advance shipping,Accessories,Consumer,NY,14580,Outdoors,42.42012024,-79.31320953,Madagascar,4296,10/11/16 12:34,5,124.9499969,118.0800018,East Africa,COMPLETE,886,Team Golf San Francisco Giants Putter Grip,24.98999977,10/13/2016 12:34,Standard Class
DEBIT,74.34999847,Late delivery,Trade-In,Consumer,CA,95207,Outdoors,37.92684937,-121.3893051,Togo,4391,10/27/2016 0:59,5,79.94999695,74.34999847,West Africa,COMPLETE,926,Glove It Imperial Golf Towel,15.98999977,11/01/16 00:59,Standard Class
DEBIT,67.16000366,Late delivery,Trade-In,Consumer,TX,79109,Outdoors,35.18754196,-101.8676224,Nigeria,2882,10/05/16 08:44,5,79.94999695,67.16000366,West Africa,COMPLETE,924,Glove It Urban Brick Golf Towel,15.98999977,10/10/16 08:44,Standard Class
DEBIT,131.1600037,Advance shipping,Electronics,Consumer,WV,25401,Outdoors,39.45571137,-77.96917725,Argelia,3283,12/28/2016 18:46,5,159.9499969,131.1600037,North Africa,COMPLETE,825,Bridgestone e6 Straight Distance NFL Tennesse,31.98999977,12/31/2016 18:46,Standard Class
DEBIT,119.9599991,Advance shipping,Hunting & Shooting,Consumer,MD,21502,Fan Shop,39.6300354,-78.74319458,Marruecos,397,09/01/16 23:08,5,149.9499969,119.9599991,North Africa,COMPLETE,977,ENO Atlas Hammock Straps,29.98999977,09/03/16 23:08,Standard Class
DEBIT,186.7100067,Advance shipping,Tennis & Racquet,Consumer,IL,61554,Fitness,40.56959915,-89.64508057,Benín,4104,12/02/16 06:54,5,224.9499969,186.7100067,West Africa,ON_HOLD,116,Nike Men's Comfort 2 Slide,44.99000168,12/05/16 06:54,Standard Class
DEBIT,474.9500122,Advance shipping,Cardio Equipment,Consumer,FL,32308,Footwear,30.49767876,-84.23183441,Sudán,12214,10/08/16 16:15,5,499.9500122,474.9500122,North Africa,ON_HOLD,191,Nike Men's Free 5.0+ Running Shoe,99.98999786,10/10/16 16:15,Standard Class
DEBIT,299.9500122,Advance shipping,Cleats,Consumer,FL,32225,Apparel,30.35342217,-81.51309204,Tanzania,10699,8/30/2016 2:49,5,299.9500122,299.9500122,East Africa,ON_HOLD,365,Perfect Fitness Perfect Rip Deck,59.99000168,09/01/16 02:49,Standard Class
DEBIT,165.9600067,Advance shipping,Shop By Sport,Consumer,RI,2895,Golf,42.00220108,-71.51410675,Egipto,2091,10/18/2016 14:29,5,199.9499969,165.9600067,North Africa,ON_HOLD,627,Under Armour Girls' Toddler Spine Surge Runni,39.99000168,10/20/2016 14:29,Standard Class
DEBIT,200,Late delivery,Women's Apparel,Consumer,CA,95206,Golf,38.1355629,-121.2693405,SudAfrica,10474,8/29/2016 10:42,5,250,200,Southern Africa,ON_HOLD,502,Nike Men's Dri-FIT Victory Golf Polo,50,09/04/16 10:42,Standard Class
DEBIT,196.7599945,Late delivery,Electronics,Consumer,GA,30058,Outdoors,33.71007919,-84.11247253,SudAfrica,7504,12/29/2016 13:20,5,239.9499969,196.7599945,Southern Africa,ON_HOLD,818,Titleist Pro V1x Golf Balls,47.99000168,01/04/17 13:20,Standard Class
DEBIT,284.9500122,Late delivery,Baseball & Softball,Consumer,IL,60453,Fitness,41.7158165,-87.7405777,Francia,7518,10/13/2015 22:53,5,299.9500122,284.9500122,Western Europe,COMPLETE,44,adidas Men's F10 Messi TRX FG Soccer Cleat,59.99000168,10/19/2015 22:53,Standard Class
DEBIT,174.9499969,Late delivery,Fitness Accessories,Consumer,MI,48213,Footwear,42.39391327,-83.00836945,Ucrania,1738,9/29/2016 4:11,5,174.9499969,174.9499969,Eastern Europe,COMPLETE,235,Under Armour Hustle Storm Medium Duffle Bag,34.99000168,10/05/16 04:11,Standard Class
DEBIT,494.9500122,Advance shipping,Cardio Equipment,Consumer,CA,91801,Footwear,34.10591126,-118.1196442,Francia,1622,08/10/15 21:35,5,499.9500122,494.9500122,Western Europe,COMPLETE,191,Nike Men's Free 5.0+ Running Shoe,99.98999786,8/13/2015 21:35,Standard Class
DEBIT,137.1499939,Advance shipping,Electronics,Consumer,CT,6511,Footwear,42.34568787,-83.52059174,España,1325,8/14/2015 16:40,5,139.9499969,137.1499939,Southern Europe,COMPLETE,273,Under Armour Kids' Mercenary Slide,27.98999977,8/17/2015 16:40,Standard Class
DEBIT,489.9500122,Late delivery,Cardio Equipment,Consumer,NY,14120,Footwear,43.02910233,-78.87342072,Francia,5505,08/10/15 05:07,5,499.9500122,489.9500122,Western Europe,COMPLETE,191,Nike Men's Free 5.0+ Running Shoe,99.98999786,8/16/2015 5:07,Standard Class
DEBIT,484.9500122,Advance shipping,Cardio Equipment,Consumer,AZ,85029,Footwear,33.58987427,-112.1163712,Francia,4210,7/29/2017 19:42,5,499.9500122,484.9500122,Western Europe,COMPLETE,191,Nike Men's Free 5.0+ Running Shoe,99.98999786,7/31/2017 19:42,Standard Class
DEBIT,484.9500122,Shipping on time,Cardio Equipment,Consumer,LA,70065,Footwear,30.0380249,-90.25691986,Francia,11229,09/05/17 10:32,5,499.9500122,484.9500122,Western Europe,COMPLETE,191,Nike Men's Free 5.0+ Running Shoe,99.98999786,09/09/17 10:32,Standard Class
DEBIT,484.9500122,Advance shipping,Cardio Equipment,Consumer,PA,15301,Footwear,40.33852005,-80.1289444,Francia,9385,6/28/2017 22:43,5,499.9500122,484.9500122,Western Europe,COMPLETE,191,Nike Men's Free 5.0+ Running Shoe,99.98999786,6/30/2017 22:43,Standard Class
DEBIT,155.1499939,Late delivery,Electronics,Consumer,MI,49423,Footwear,29.50280953,-98.5945282,Alemania,900,6/15/2015 10:27,5,159.9499969,155.1499939,Western Europe,COMPLETE,282,Under Armour Women's Ignite PIP VI Slide,31.98999977,6/20/2015 10:27,Standard Class
DEBIT,479.9500122,Late delivery,Cardio Equipment,Consumer,PA,19067,Footwear,40.20738983,-74.79347992,Italia,6217,07/06/17 23:03,5,499.9500122,479.9500122,Southern Europe,COMPLETE,191,Nike Men's Free 5.0+ Running Shoe,99.98999786,07/12/17 23:03,Standard Class
DEBIT,479.9500122,Shipping on time,Cardio Equipment,Consumer,TN,38128,Footwear,35.21362686,-89.82608032,Italia,9466,09/05/17 00:02,5,499.9500122,479.9500122,Southern Europe,COMPLETE,191,Nike Men's Free 5.0+ Running Shoe,99.98999786,09/09/17 00:02,Standard Class
DEBIT,474.9500122,Advance shipping,Cardio Equipment,Consumer,WA,98023,Footwear,47.30304337,-122.3528137,Polonia,4596,11/17/2016 2:32,5,499.9500122,474.9500122,Eastern Europe,COMPLETE,191,Nike Men's Free 5.0+ Running Shoe,99.98999786,11/20/2016 2:32,Standard Class
DEBIT,474.9500122,Late delivery,Cardio Equipment,Consumer,CA,92113,Footwear,32.69542313,-117.0990067,España,5206,7/15/2017 3:15,5,499.9500122,474.9500122,Southern Europe,COMPLETE,191,Nike Men's Free 5.0+ Running Shoe,99.98999786,7/21/2017 3:15,Standard Class
DEBIT,474.9500122,Advance shipping,Cardio Equipment,Consumer,IL,60626,Footwear,42.0063591,-87.66739655,Francia,2823,9/13/2017 7:01,5,499.9500122,474.9500122,Western Europe,COMPLETE,191,Nike Men's Free 5.0+ Running Shoe,99.98999786,9/15/2017 7:01,Standard Class
DEBIT,166.1999969,Late delivery,Fitness Accessories,Consumer,CA,90027,Footwear,34.12594605,-118.2910156,Francia,10408,10/03/15 15:33,5,174.9499969,166.1999969,Western Europe,COMPLETE,235,Under Armour Hustle Storm Medium Duffle Bag,34.99000168,10/08/15 15:33,Standard Class
DEBIT,165.3300018,Late delivery,Fitness Accessories,Consumer,NY,10457,Footwear,40.87142944,-73.87063599,Portugal,11011,10/03/15 01:53,5,174.9499969,165.3300018,Southern Europe,COMPLETE,235,Under Armour Hustle Storm Medium Duffle Bag,34.99000168,10/09/15 01:53,Standard Class
DEBIT,464.9500122,Late delivery,As Seen on  TV!,Consumer,CA,90805,Footwear,33.56687927,-117.7633209,Reino Unido,40,09/02/17 21:35,5,499.9500122,464.9500122,Northern Europe,COMPLETE,359,Nike Men's Free TR 5.0 TB Training Shoe,99.98999786,09/07/17 21:35,Standard Class
DEBIT,454.9500122,Late delivery,Cardio Equipment,Consumer,IL,60637,Footwear,41.88238525,-88.20149994,Rumania,11636,11/16/2016 10:04,5,499.9500122,454.9500122,Eastern Europe,COMPLETE,191,Nike Men's Free 5.0+ Running Shoe,99.98999786,11/22/2016 10:04,Standard Class
TRANSFER,101.9800034,Advance shipping,Cleats,Corporate,CA,91790,Apparel,34.06787491,-117.9273758,México,7454,3/13/2017 21:18,2,119.9800034,101.9800034,Central America,PROCESSING,365,Perfect Fitness Perfect Rip Deck,59.99000168,3/16/2017 21:18,Standard Class
TRANSFER,101.9800034,Late delivery,Cleats,Corporate,CA,93003,Apparel,34.24124908,-119.1945419,Colombia,5138,06/01/17 08:13,2,119.9800034,101.9800034,South America,PROCESSING,365,Perfect Fitness Perfect Rip Deck,59.99000168,06/07/17 08:13,Standard Class
TRANSFER,99.58000183,Advance shipping,Cleats,Corporate,DC,20009,Apparel,38.91826248,-77.03946686,México,8696,2/21/2017 5:12,2,119.9800034,99.58000183,Central America,PROCESSING,365,Perfect Fitness Perfect Rip Deck,59.99000168,2/23/2017 5:12,Standard Class
TRANSFER,99.58000183,Shipping on time,Cleats,Corporate,FL,33594,Apparel,27.96565437,-82.25280762,México,2329,04/06/17 11:27,2,119.9800034,99.58000183,Central America,PROCESSING,365,Perfect Fitness Perfect Rip Deck,59.99000168,04/10/17 11:27,Standard Class
TRANSFER,99.58000183,Late delivery,Cleats,Corporate,HI,96744,Apparel,21.41555023,-157.803894,Brasil,12431,1/27/2017 2:16,2,119.9800034,99.58000183,South America,PROCESSING,365,Perfect Fitness Perfect Rip Deck,59.99000168,02/02/17 02:16,Standard Class
TRANSFER,100,Advance shipping,Women's Apparel,Corporate,CA,93003,Golf,34.26494217,-119.218605,Brasil,10860,02/12/15 20:36,2,100,100,South America,PROCESSING,502,Nike Men's Dri-FIT Victory Golf Polo,50,2/15/2015 20:36,Standard Class
TRANSFER,100,Advance shipping,Women's Apparel,Corporate,NY,11218,Golf,40.64059448,-73.97518921,Brasil,12094,03/05/17 18:30,2,100,100,South America,PROCESSING,502,Nike Men's Dri-FIT Victory Golf Polo,50,03/07/17 18:30,Standard Class
TRANSFER,99,Shipping on time,Women's Apparel,Corporate,CA,92057,Golf,33.22548676,-117.3070679,México,5088,05/05/17 17:53,2,100,99,Central America,PROCESSING,502,Nike Men's Dri-FIT Victory Golf Polo,50,05/09/17 17:53,Standard Class
TRANSFER,79.18000031,Advance shipping,Shop By Sport,Corporate,TX,76116,Golf,32.73230743,-97.47290802,Colombia,2200,4/19/2015 4:03,2,79.98000336,79.18000031,South America,PROCESSING,627,Under Armour Girls' Toddler Spine Surge Runni,39.99000168,4/21/2015 4:03,Standard Class
TRANSFER,97,Shipping on time,Women's Apparel,Corporate,MA,2360,Golf,41.95851135,-70.66861725,México,10966,3/20/2015 1:17,2,100,97,Central America,PROCESSING,502,Nike Men's Dri-FIT Victory Golf Polo,50,3/24/2015 1:17,Standard Class
TRANSFER,96,Advance shipping,Women's Apparel,Corporate,NY,11218,Golf,40.64059448,-73.97518921,República Dominicana,3997,5/22/2017 1:56,2,100,96,Caribbean,PROCESSING,502,Nike Men's Dri-FIT Victory Golf Polo,50,5/25/2017 1:56,Standard Class
TRANSFER,76.77999878,Shipping on time,Shop By Sport,Corporate,OH,44120,Golf,41.48426819,-81.5922699,México,8746,5/18/2017 12:26,2,79.98000336,76.77999878,Central America,PROCESSING,627,Under Armour Girls' Toddler Spine Surge Runni,39.99000168,5/22/2017 12:26,Standard Class
TRANSFER,75.98000336,Late delivery,Shop By Sport,Corporate,PA,19145,Golf,39.92448425,-75.1757431,Trinidad y Tobago,3687,2/20/2015 11:29,2,79.98000336,75.98000336,Caribbean,PROCESSING,627,Under Armour Girls' Toddler Spine Surge Runni,39.99000168,2/25/2015 11:29,Standard Class
TRANSFER,75.98000336,Late delivery,Shop By Sport,Corporate,CA,95240,Golf,38.11602402,-121.3637238,Guatemala,9162,05/04/15 15:04,2,79.98000336,75.98000336,Central America,PROCESSING,627,Under Armour Girls' Toddler Spine Surge Runni,39.99000168,05/10/15 15:04,Standard Class
TRANSFER,95,Late delivery,Women's Apparel,Corporate,CA,93308,Golf,35.40139771,-119.0448837,Brasil,8993,2/19/2017 7:19,2,100,95,South America,PROCESSING,502,Nike Men's Dri-FIT Victory Golf Polo,50,2/25/2017 7:19,Standard Class
TRANSFER,132.3000031,Late delivery,Girls' Apparel,Corporate,PA,19143,Golf,39.94662857,-75.21822357,México,5875,1/30/2015 9:14,2,140,132.3000031,Central America,PROCESSING,565,adidas Youth Germany Black/Red Away Match Soc,70,02/04/15 09:14,Standard Class
TRANSFER,46.5,Late delivery,Girls' Apparel,Corporate,CA,90813,Golf,33.78245163,-118.1922455,Panamá,2502,3/26/2017 23:33,2,50,46.5,Central America,PROCESSING,567,adidas Men's Germany Black Crest Away Tee,25,3/31/2017 23:33,Standard Class
TRANSFER,93,Advance shipping,Women's Apparel,Corporate,CA,95122,Golf,37.3288765,-121.8501511,México,9563,02/06/17 13:27,2,100,93,Central America,PROCESSING,502,Nike Men's Dri-FIT Victory Golf Polo,50,02/09/17 13:27,Standard Class
TRANSFER,93,Advance shipping,Women's Apparel,Corporate,TN,37130,Golf,35.75965881,-86.26461029,México,7259,3/31/2017 16:43,2,100,93,Central America,PROCESSING,502,Nike Men's Dri-FIT Victory Golf Polo,50,04/03/17 16:43,Standard Class
TRANSFER,72.77999878,Late delivery,Shop By Sport,Corporate,CA,92009,Golf,33.0895195,-117.2552032,Brasil,3131,4/24/2017 3:43,2,79.98000336,72.77999878,South America,PROCESSING,627,Under Armour Girls' Toddler Spine Surge Runni,39.99000168,4/29/2017 3:43,Standard Class
TRANSFER,71.98000336,Advance shipping,Shop By Sport,Corporate,OH,45011,Golf,39.3985405,-84.55661774,Honduras,4140,3/31/2017 14:58,2,79.98000336,71.98000336,Central America,PROCESSING,627,Under Armour Girls' Toddler Spine Surge Runni,39.99000168,04/03/17 14:58,Standard Class
TRANSFER,71.98000336,Shipping on time,Shop By Sport,Corporate,TX,77083,Golf,29.69653702,-95.6459198,Guatemala,4539,3/28/2015 0:13,2,79.98000336,71.98000336,Central America,PROCESSING,627,Under Armour Girls' Toddler Spine Surge Runni,39.99000168,04/01/15 00:13,Standard Class
TRANSFER,90,Shipping on time,Women's Apparel,Corporate,NY,10031,Golf,40.82476044,-73.94992065,Honduras,6071,3/22/2015 16:21,2,100,90,Central America,PROCESSING,502,Nike Men's Dri-FIT Victory Golf Polo,50,3/26/2015 16:21,Standard Class
TRANSFER,71.98000336,Advance shipping,Shop By Sport,Corporate,CA,94541,Golf,37.67551041,-122.0496826,Venezuela,8730,01/06/15 08:13,2,79.98000336,71.98000336,South America,PROCESSING,627,Under Armour Girls' Toddler Spine Surge Runni,39.99000168,01/09/15 08:13,Standard Class
TRANSFER,90,Shipping on time,Women's Apparel,Corporate,NJ,8302,Golf,39.42603684,-75.23985291,Brasil,9634,02/03/17 05:14,2,100,90,South America,PROCESSING,502,Nike Men's Dri-FIT Victory Golf Polo,50,02/07/17 05:14,Standard Class
TRANSFER,90,Late delivery,Women's Apparel,Corporate,WV,25401,Golf,39.45571137,-77.96917725,Brasil,8010,1/27/2015 0:39,2,100,90,South America,PROCESSING,502,Nike Men's Dri-FIT Victory Golf Polo,50,02/01/15 00:39,Standard Class
TRANSFER,70.37999725,Advance shipping,Shop By Sport,Corporate,NY,11706,Golf,40.74032211,-73.30113983,Cuba,3484,5/30/2017 11:22,2,79.98000336,70.37999725,Caribbean,PROCESSING,627,Under Armour Girls' Toddler Spine Surge Runni,39.99000168,06/02/17 11:22,Standard Class
TRANSFER,88,Advance shipping,Women's Apparel,Corporate,IL,60067,Golf,42.11048508,-88.08236694,México,7307,04/09/15 21:35,2,100,88,Central America,PROCESSING,502,Nike Men's Dri-FIT Victory Golf Polo,50,04/11/15 21:35,Standard Class
TRANSFER,87,Advance shipping,Women's Apparel,Corporate,GA,30080,Golf,33.08282852,-82.9998703,Guatemala,1975,03/07/15 11:38,2,100,87,Central America,PROCESSING,502,Nike Men's Dri-FIT Victory Golf Polo,50,03/10/15 11:38,Standard Class
TRANSFER,85,Advance shipping,Women's Apparel,Corporate,CA,91406,Golf,34.1971817,-118.4865265,Guatemala,629,5/22/2015 7:20,2,100,85,Central America,PROCESSING,502,Nike Men's Dri-FIT Victory Golf Polo,50,5/24/2015 7:20,Standard Class
TRANSFER,66.37999725,Shipping on time,Shop By Sport,Corporate,FL,33055,Golf,25.94878006,-80.28707886,Guatemala,11753,06/07/17 12:25,2,79.98000336,66.37999725,Central America,PROCESSING,627,Under Armour Girls' Toddler Spine Surge Runni,39.99000168,06/11/17 12:25,Standard Class
TRANSFER,65.58000183,Advance shipping,Girls' Apparel,Corporate,CA,90046,Golf,34.09960938,-118.3507385,El Salvador,5375,2/16/2017 0:50,2,79.98000336,65.58000183,Central America,PROCESSING,572,TYR Boys' Team Digi Jammer,39.99000168,2/18/2017 0:50,Standard Class
TRANSFER,65.58000183,Advance shipping,Shop By Sport,Corporate,MN,55106,Golf,44.95698166,-93.06536865,Brasil,1695,02/06/17 20:07,2,79.98000336,65.58000183,South America,PROCESSING,627,Under Armour Girls' Toddler Spine Surge Runni,39.99000168,02/08/17 20:07,Standard Class
TRANSFER,65.58000183,Late delivery,Shop By Sport,Corporate,NJ,8817,Golf,40.52578354,-74.39421845,Argentina,9884,03/10/15 00:15,2,79.98000336,65.58000183,South America,PROCESSING,627,Under Armour Girls' Toddler Spine Surge Runni,39.99000168,3/16/2015 0:15,Standard Class
TRANSFER,82,Late delivery,Women's Apparel,Corporate,TX,77520,Golf,29.73701477,-94.96875763,Brasil,8498,2/21/2015 15:31,2,100,82,South America,PROCESSING,502,Nike Men's Dri-FIT Victory Golf Polo,50,2/26/2015 15:31,Standard Class
TRANSFER,80,Advance shipping,Women's Apparel,Corporate,CA,90046,Golf,34.09960938,-118.3507385,El Salvador,5375,2/16/2017 0:50,2,100,80,Central America,PROCESSING,502,Nike Men's Dri-FIT Victory Golf Polo,50,2/18/2017 0:50,Standard Class
TRANSFER,80,Shipping on time,Women's Apparel,Corporate,CA,91342,Golf,34.31019974,-118.4530792,Brasil,7534,03/06/17 09:13,2,100,80,South America,PROCESSING,502,Nike Men's Dri-FIT Victory Golf Polo,50,03/10/17 09:13,Standard Class
TRANSFER,59.99000168,Advance shipping,Shop By Sport,Corporate,IL,60067,Golf,42.11048508,-88.08236694,México,7307,04/09/15 21:35,2,79.98000336,59.99000168,Central America,PROCESSING,627,Under Armour Girls' Toddler Spine Surge Runni,39.99000168,04/11/15 21:35,Standard Class
TRANSFER,59.99000168,Late delivery,Shop By Sport,Corporate,OR,97701,Golf,44.05973816,-12.13093758,México,123,02/06/17 01:54,2,79.98000336,59.99000168,Central America,PROCESSING,627,Under Armour Girls' Toddler Spine Surge Runni,39.99000168,02/11/17 01:54,Standard Class
TRANSFER,75,Advance shipping,Women's Apparel,Corporate,TX,77520,Golf,29.73701477,-94.96875763,Guatemala,8498,5/31/2017 2:47,2,100,75,Central America,PROCESSING,502,Nike Men's Dri-FIT Victory Golf Polo,50,06/02/17 02:47,Standard Class
TRANSFER,63.34000015,Late delivery,Electronics,Corporate,CA,95240,Outdoors,38.11602402,-121.3637238,Guatemala,9162,05/04/15 15:04,2,63.97999954,63.34000015,Central America,PROCESSING,825,Bridgestone e6 Straight Distance NFL Tennesse,31.98999977,05/10/15 15:04,Standard Class
TRANSFER,47.22999954,Advance shipping,Accessories,Corporate,FL,33055,Outdoors,25.89801979,-80.24020386,Brasil,8925,3/25/2015 8:49,2,49.97999954,47.22999954,South America,PROCESSING,905,Team Golf Texas Longhorns Putter Grip,24.98999977,3/28/2015 8:49,Standard Class
TRANSFER,35.97999954,Late delivery,Golf Balls,Corporate,MN,55337,Outdoors,44.77007294,-93.28409576,Brasil,5981,5/16/2015 21:00,2,39.97999954,35.97999954,South America,PROCESSING,804,Glove It Women's Imperial Golf Glove,19.98999977,5/21/2015 21:00,Standard Class
TRANSFER,84.45999908,Late delivery,Electronics,Corporate,NY,11746,Outdoors,40.85692978,-73.39674377,Colombia,7347,4/29/2015 3:41,2,95.98000336,84.45999908,South America,PROCESSING,822,Titleist Pro V1x High Numbers Golf Balls,47.99000168,05/05/15 03:41,Standard Class
DEBIT,245.8099976,Advance shipping,Sporting Goods,Corporate,CA,94087,Fitness,37.34466934,-122.0356674,China,19444,01/12/18 19:38,1,327.75,245.8099976,Eastern Asia,COMPLETE,1360,Smart watch ,327.75,1/14/2018 19:38,Standard Class
DEBIT,327.75,Late delivery,Sporting Goods,Corporate,TX,77478,Fitness,29.60960579,-95.61593628,China,19443,01/12/18 19:17,1,327.75,327.75,Eastern Asia,COMPLETE,1360,Smart watch ,327.75,1/18/2018 19:17,Second Class
PAYMENT,321.2000122,Shipping on time,Sporting Goods,Corporate,MA,2135,Fitness,42.34962845,-71.15328217,Afganistán,19441,01/12/18 18:35,1,327.75,321.2000122,South Asia,PENDING_PAYMENT,1360,Smart watch ,327.75,1/16/2018 18:35,Standard Class
TRANSFER,314.6400146,Shipping canceled,Sporting Goods,Corporate,CA,92840,Fitness,33.77395248,-117.9618988,Australia,19439,01/12/18 17:53,1,327.75,314.6400146,Oceania,CANCELED,1360,Smart watch ,327.75,1/14/2018 17:53,Standard Class
TRANSFER,309.7200012,Late delivery,Sporting Goods,Corporate,ND,58501,Fitness,46.81184387,-100.7877197,Australia,19437,01/12/18 17:11,1,327.75,309.7200012,Oceania,PENDING,1360,Smart watch ,327.75,1/17/2018 17:11,Standard Class
TRANSFER,298.25,Advance shipping,Sporting Goods,Consumer,MD,20878,Fitness,39.14162064,-77.2270813,China,19435,01/12/18 16:29,1,327.75,298.25,Eastern Asia,PENDING,1360,Smart watch ,327.75,1/15/2018 16:29,Standard Class
DEBIT,288.4200134,Late delivery,Sporting Goods,Corporate,ND,58501,Fitness,46.81184387,-100.7877197,China,19433,01/12/18 15:47,1,327.75,288.4200134,Eastern Asia,COMPLETE,1360,Smart watch ,327.75,1/18/2018 15:47,Standard Class
TRANSFER,285.1400146,Late delivery,Sporting Goods,Corporate,HI,96817,Fitness,21.32156754,-157.8721771,India,19432,01/12/18 15:26,1,327.75,285.1400146,South Asia,PROCESSING,1360,Smart watch ,327.75,1/17/2018 15:26,Standard Class
DEBIT,278.5899963,Shipping on time,Sporting Goods,Corporate,GA,30047,Fitness,33.90219879,-84.15373993,India,19431,01/12/18 15:05,1,327.75,278.5899963,South Asia,COMPLETE,1360,Smart watch ,327.75,1/16/2018 15:05,Standard Class
TRANSFER,272.0299988,Advance shipping,Sporting Goods,Consumer,VA,23455,Fitness,36.91083145,-76.12958527,Indonesia,19429,01/12/18 14:23,1,327.75,272.0299988,Southeast Asia,PENDING,1360,Smart watch ,327.75,1/14/2018 14:23,Standard Class
PAYMENT,268.7600098,Late delivery,Sporting Goods,Consumer,CA,91702,Fitness,34.13932037,-117.9074402,Indonesia,19428,01/12/18 14:02,1,327.75,268.7600098,Southeast Asia,PENDING_PAYMENT,1360,Smart watch ,327.75,1/18/2018 14:02,Second Class
PAYMENT,262.2000122,Late delivery,Sporting Goods,Corporate,CA,90813,Fitness,33.78245163,-118.1922455,Indonesia,19427,01/12/18 13:41,1,327.75,262.2000122,Southeast Asia,PENDING_PAYMENT,1360,Smart watch ,327.75,1/17/2018 13:41,Standard Class
TRANSFER,245.8099976,Shipping on time,Sporting Goods,Consumer,NY,10458,Fitness,40.86618042,-73.87023926,India,19426,01/12/18 13:20,1,327.75,245.8099976,South Asia,PROCESSING,1360,Smart watch ,327.75,1/16/2018 13:20,Standard Class
DEBIT,324.4700012,Late delivery,Sporting Goods,Consumer,UT,84604,Fitness,40.3957901,-111.5488815,India,19424,01/12/18 12:38,1,327.75,324.4700012,South Asia,COMPLETE,1360,Smart watch ,327.75,1/14/2018 12:38,First Class
DEBIT,321.2000122,Late delivery,Sporting Goods,Consumer,TN,38401,Fitness,35.56920242,-87.08045197,India,19423,01/12/18 12:17,1,327.75,321.2000122,South Asia,COMPLETE,1360,Smart watch ,327.75,1/14/2018 12:17,First Class
TRANSFER,314.6400146,Late delivery,Sporting Goods,Consumer,CA,95207,Fitness,37.92684937,-121.3893127,China,19421,01/12/18 11:35,1,327.75,314.6400146,Eastern Asia,PROCESSING,1360,Smart watch ,327.75,1/14/2018 11:35,First Class
TRANSFER,311.3599854,Shipping on time,Sporting Goods,Home Office,GA,30062,Fitness,34.02061462,-84.42745972,Indonesia,19420,01/12/18 11:14,1,327.75,311.3599854,Southeast Asia,PENDING,1360,Smart watch ,327.75,01/12/18 23:14,Same Day
CASH,304.8099976,Shipping on time,Sporting Goods,Consumer,MI,49423,Fitness,42.83187103,-86.07852173,Australia,19418,01/12/18 10:32,1,327.75,304.8099976,Oceania,CLOSED,1360,Smart watch ,327.75,01/12/18 22:32,Same Day
PAYMENT,294.980011,Shipping on time,Sporting Goods,Home Office,NY,11212,Fitness,40.66080093,-73.92007446,Australia,19416,01/12/18 09:50,1,327.75,294.980011,Oceania,PENDING_PAYMENT,1360,Smart watch ,327.75,1/16/2018 9:50,Standard Class
DEBIT,285.1400146,Advance shipping,Sporting Goods,Corporate,CO,80219,Fitness,39.68975067,-105.0245895,Australia,19414,01/12/18 09:08,1,327.75,285.1400146,Oceania,COMPLETE,1360,Smart watch ,327.75,1/14/2018 9:08,Standard Class
DEBIT,278.5899963,Late delivery,Sporting Goods,Corporate,MI,48180,Fitness,42.52365494,-85.69445801,Australia,19413,01/12/18 08:47,1,327.75,278.5899963,Oceania,COMPLETE,1360,Smart watch ,327.75,1/18/2018 8:47,Standard Class
DEBIT,272.0299988,Late delivery,Sporting Goods,Corporate,IL,60637,Fitness,41.7828064,-87.61464691,Australia,19411,01/12/18 08:05,1,327.75,272.0299988,Oceania,COMPLETE,1360,Smart watch ,327.75,1/16/2018 8:05,Second Class
DEBIT,262.2000122,Shipping on time,Sporting Goods,Corporate,MI,48205,Fitness,42.40109634,-82.92513275,China,19409,01/12/18 07:23,1,327.75,262.2000122,Eastern Asia,ON_HOLD,1360,Smart watch ,327.75,1/14/2018 7:23,Second Class
DEBIT,327.75,Late delivery,Sporting Goods,Consumer,TN,37130,Fitness,36.04489517,-86.35327148,Indonesia,19407,01/12/18 06:41,1,327.75,327.75,Southeast Asia,COMPLETE,1360,Smart watch ,327.75,1/17/2018 6:41,Second Class
DEBIT,321.2000122,Advance shipping,Sporting Goods,Corporate,OH,44102,Fitness,41.47214127,-81.73681641,Pakistán,19405,01/12/18 05:59,1,327.75,321.2000122,South Asia,COMPLETE,1360,Smart watch ,327.75,1/15/2018 5:59,Standard Class
DEBIT,314.6400146,Late delivery,Sporting Goods,Corporate,NY,14094,Fitness,43.16891098,-78.69216156,India,19403,01/12/18 05:16,1,327.75,314.6400146,South Asia,COMPLETE,1360,Smart watch ,327.75,1/18/2018 5:16,Standard Class
PAYMENT,309.7200012,Late delivery,Sporting Goods,Corporate,MO,63301,Fitness,38.77838135,-90.50777435,India,19401,01/12/18 04:34,1,327.75,309.7200012,South Asia,PENDING_PAYMENT,1360,Smart watch ,327.75,1/16/2018 4:34,Second Class
TRANSFER,304.8099976,Shipping canceled,Sporting Goods,Corporate,CA,90046,Fitness,34.09960938,-118.3507385,India,19400,01/12/18 04:13,1,327.75,304.8099976,South Asia,SUSPECTED_FRAUD,1360,Smart watch ,327.75,1/15/2018 4:13,Second Class
TRANSFER,298.25,Advance shipping,Sporting Goods,Home Office,CA,95014,Fitness,37.32138825,-122.0307388,India,19399,01/12/18 03:52,1,327.75,298.25,South Asia,PROCESSING,1360,Smart watch ,327.75,1/14/2018 3:52,Standard Class
TRANSFER,288.4200134,Late delivery,Sporting Goods,Home Office,MO,65807,Fitness,37.15639114,-93.28601074,Vietnam,19397,01/12/18 03:10,1,327.75,288.4200134,Southeast Asia,PENDING,1360,Smart watch ,327.75,1/17/2018 3:10,Standard Class
TRANSFER,278.5899963,Advance shipping,Sporting Goods,Home Office,CA,92692,Fitness,33.64875412,-117.6374283,Vietnam,19395,01/12/18 02:28,1,327.75,278.5899963,Southeast Asia,PROCESSING,1360,Smart watch ,327.75,1/15/2018 2:28,Standard Class
DEBIT,275.3099976,Advance shipping,Sporting Goods,Home Office,CA,90042,Fitness,34.11436462,-118.192482,Vietnam,19394,01/12/18 02:07,1,327.75,275.3099976,Southeast Asia,COMPLETE,1360,Smart watch ,327.75,1/14/2018 2:07,Standard Class
TRANSFER,268.7600098,Late delivery,Sporting Goods,Home Office,GA,30075,Fitness,34.0256691,-84.35742188,China,19392,01/12/18 01:25,1,327.75,268.7600098,Eastern Asia,PROCESSING,1360,Smart watch ,327.75,1/17/2018 1:25,Second Class
CASH,245.8099976,Late delivery,Sporting Goods,Home Office,MI,48197,Fitness,42.24398804,-83.61991119,Filipinas,19390,01/12/18 00:43,1,327.75,245.8099976,Southeast Asia,CLOSED,1360,Smart watch ,327.75,1/14/2018 0:43,First Class
CASH,327.75,Shipping on time,Sporting Goods,Corporate,NY,11218,Fitness,40.64059448,-73.97518921,Filipinas,19389,01/12/18 00:22,1,327.75,327.75,Southeast Asia,CLOSED,1360,Smart watch ,327.75,1/14/2018 0:22,Second Class
PAYMENT,321.2000122,Late delivery,Sporting Goods,Corporate,AZ,85345,Fitness,33.57873154,-112.266098,India,19387,01/11/18 23:40,1,327.75,321.2000122,South Asia,PENDING_PAYMENT,1360,Smart watch ,327.75,1/16/2018 23:40,Second Class
CASH,314.6400146,Late delivery,Sporting Goods,Corporate,CA,92843,Fitness,33.76652145,-117.9461899,India,19385,01/11/18 22:58,1,327.75,314.6400146,South Asia,CLOSED,1360,Smart watch ,327.75,1/13/2018 22:58,First Class
PAYMENT,309.7200012,Late delivery,Sporting Goods,Corporate,NJ,8021,Fitness,39.81664658,-74.98467255,Indonesia,19383,01/11/18 22:16,1,327.75,309.7200012,Southeast Asia,PENDING_PAYMENT,1360,Smart watch ,327.75,1/17/2018 22:16,Standard Class
PAYMENT,304.8099976,Late delivery,Sporting Goods,Corporate,TN,38127,Fitness,35.28209686,-89.97310638,Indonesia,19382,01/11/18 21:55,1,327.75,304.8099976,Southeast Asia,PENDING_PAYMENT,1360,Smart watch ,327.75,1/16/2018 21:55,Standard Class
DEBIT,298.25,Shipping on time,Sporting Goods,Consumer,TN,37013,Fitness,36.0810051,-86.6870575,Indonesia,19381,01/11/18 21:34,1,327.75,298.25,Southeast Asia,ON_HOLD,1360,Smart watch ,327.75,1/15/2018 21:34,Standard Class
CASH,288.4200134,Advance shipping,Sporting Goods,Home Office,UT,84118,Fitness,40.65987396,-112.0028687,Tailandia,19379,01/11/18 20:52,1,327.75,288.4200134,Southeast Asia,CLOSED,1360,Smart watch ,327.75,1/13/2018 20:52,Standard Class
CASH,278.5899963,Late delivery,Sporting Goods,Consumer,CA,93304,Fitness,35.36254501,-119.0186996,Bangladés,19377,01/11/18 20:10,1,327.75,278.5899963,South Asia,CLOSED,1360,Smart watch ,327.75,1/16/2018 20:10,Standard Class
DEBIT,272.0299988,Advance shipping,Sporting Goods,Consumer,CA,91344,Fitness,34.07363892,-117.7083511,India,19375,01/11/18 19:28,1,327.75,272.0299988,South Asia,COMPLETE,1360,Smart watch ,327.75,1/14/2018 19:28,Standard Class
DEBIT,262.2000122,Late delivery,Sporting Goods,Home Office,FL,32308,Fitness,30.49506187,-84.24580383,Tailandia,19373,01/11/18 18:46,1,327.75,262.2000122,Southeast Asia,COMPLETE,1360,Smart watch ,327.75,1/17/2018 18:46,Standard Class
TRANSFER,327.75,Shipping on time,Sporting Goods,Home Office,NY,11550,Fitness,40.68703461,-73.62446594,Australia,19371,01/11/18 18:04,1,327.75,327.75,Oceania,PROCESSING,1360,Smart watch ,327.75,1/15/2018 18:04,Standard Class
TRANSFER,321.2000122,Advance shipping,Sporting Goods,Corporate,NY,11103,Fitness,40.76861954,-73.90949249,Malasia,19369,01/11/18 17:22,1,327.75,321.2000122,Southeast Asia,PROCESSING,1360,Smart watch ,327.75,1/13/2018 17:22,Standard Class
DEBIT,317.9200134,Late delivery,Sporting Goods,Consumer,CA,95020,Fitness,37.01370621,-121.5893478,China,19368,01/11/18 17:01,1,327.75,317.9200134,Eastern Asia,COMPLETE,1360,Smart watch ,327.75,1/17/2018 17:01,Standard Class
PAYMENT,311.3599854,Late delivery,Sporting Goods,Consumer,CA,91702,Fitness,34.13360977,-117.9058914,Singapur,19366,01/11/18 16:19,1,327.75,311.3599854,Southeast Asia,PAYMENT_REVIEW,1360,Smart watch ,327.75,1/15/2018 16:19,Second Class
PAYMENT,304.8099976,Late delivery,Sporting Goods,Consumer,NC,28645,Fitness,36.11019898,-81.52600861,China,19364,01/11/18 15:37,1,327.75,304.8099976,Eastern Asia,PENDING_PAYMENT,1360,Smart watch ,327.75,1/13/2018 15:37,First Class
DEBIT,298.25,Late delivery,Sporting Goods,Consumer,OH,43228,Fitness,40.88164902,-81.25228119,China,19363,01/11/18 15:16,1,327.75,298.25,Eastern Asia,ON_HOLD,1360,Smart watch ,327.75,1/17/2018 15:16,Second Class
DEBIT,294.980011,Late delivery,Sporting Goods,Consumer,OR,97321,Fitness,44.63076019,-123.1084366,China,19362,01/11/18 14:55,1,327.75,294.980011,Eastern Asia,ON_HOLD,1360,Smart watch ,327.75,1/16/2018 14:55,Second Class
DEBIT,278.5899963,Late delivery,Sporting Goods,Corporate,NY,11757,Fitness,40.68665695,-73.37553406,China,19359,01/11/18 13:52,1,327.75,278.5899963,Eastern Asia,COMPLETE,1360,Smart watch ,327.75,01/12/18 01:52,Same Day
DEBIT,275.3099976,Late delivery,Sporting Goods,Corporate,OH,44035,Fitness,41.42148209,-82.09407044,Australia,19358,01/11/18 13:31,1,327.75,275.3099976,Oceania,COMPLETE,1360,Smart watch ,327.75,01/12/18 01:31,Same Day
CASH,268.7600098,Late delivery,Sporting Goods,Consumer,CA,92504,Fitness,33.93642426,-117.4205856,Australia,19356,01/11/18 12:49,1,327.75,268.7600098,Oceania,CLOSED,1360,Smart watch ,327.75,01/12/18 00:49,Same Day
DEBIT,245.8099976,Late delivery,Sporting Goods,Home Office,CA,90745,Fitness,33.83179474,-118.261322,India,19354,01/11/18 12:06,1,327.75,245.8099976,South Asia,COMPLETE,1360,Smart watch ,327.75,01/12/18 00:06,Same Day
DEBIT,327.75,Late delivery,Sporting Goods,Consumer,AZ,85204,Fitness,33.41001129,-111.7717972,India,19353,01/11/18 11:45,1,327.75,327.75,South Asia,COMPLETE,1360,Smart watch ,327.75,1/17/2018 11:45,Standard Class
TRANSFER,321.2000122,Shipping on time,Sporting Goods,Home Office,HI,96818,Fitness,21.343153,-157.906601,India,19351,01/11/18 11:03,1,327.75,321.2000122,South Asia,PROCESSING,1360,Smart watch ,327.75,1/15/2018 11:03,Standard Class
TRANSFER,331.9700012,Late delivery,Cardio Equipment,Consumer,NY,10016,Footwear,40.74559021,-73.97927856,Marruecos,3497,10/10/16 11:42,4,399.9599915,331.9700012,North Africa,PROCESSING,191,Nike Men's Free 5.0+ Running Shoe,99.98999786,10/16/2016 11:42,Standard Class
TRANSFER,331.9700012,Late delivery,Cardio Equipment,Consumer,AZ,85033,Footwear,33.4926796,-112.2088623,Nigeria,10066,12/24/2016 14:13,4,399.9599915,331.9700012,West Africa,PROCESSING,191,Nike Men's Free 5.0+ Running Shoe,99.98999786,12/30/2016 14:13,Standard Class
TRANSFER,218.3600006,Late delivery,Cleats,Consumer,OR,97402,Apparel,44.05007172,-123.1093521,Egipto,4248,09/06/16 12:48,4,239.9600067,218.3600006,North Africa,PROCESSING,365,Perfect Fitness Perfect Rip Deck,59.99000168,09/11/16 12:48,Standard Class
TRANSFER,218.3600006,Advance shipping,Cleats,Consumer,CA,90806,Apparel,33.78982544,-118.1819992,Ghana,6473,11/27/2016 17:56,4,239.9600067,218.3600006,West Africa,PROCESSING,365,Perfect Fitness Perfect Rip Deck,59.99000168,11/29/2016 17:56,Standard Class
TRANSFER,211.1600037,Advance shipping,Cleats,Consumer,IL,60102,Apparel,42.17575073,-88.32157135,Argelia,12288,11/03/16 09:13,4,239.9600067,211.1600037,North Africa,PROCESSING,365,Perfect Fitness Perfect Rip Deck,59.99000168,11/06/16 09:13,Standard Class
TRANSFER,211.1600037,Shipping on time,Cleats,Consumer,IN,46227,Apparel,39.64605331,-86.11961365,Marruecos,7764,10/17/2016 23:25,4,239.9600067,211.1600037,North Africa,PROCESSING,365,Perfect Fitness Perfect Rip Deck,59.99000168,10/21/2016 23:25,Standard Class
TRANSFER,203.9700012,Shipping on time,Cleats,Consumer,CA,90003,Apparel,33.9598465,-118.3780823,Costa de Marfil,11720,01/09/17 21:54,4,239.9600067,203.9700012,West Africa,PROCESSING,365,Perfect Fitness Perfect Rip Deck,59.99000168,1/13/2017 21:54,Standard Class
TRANSFER,201.5700073,Late delivery,Cleats,Consumer,CA,90620,Apparel,34.13899231,-118.3884659,Kenia,3935,12/22/2016 18:26,4,239.9600067,201.5700073,East Africa,PROCESSING,365,Perfect Fitness Perfect Rip Deck,59.99000168,12/28/2016 18:26,Standard Class
TRANSFER,158.3600006,Shipping on time,Shop By Sport,Consumer,CA,94541,Golf,37.67551041,-122.0496826,Egipto,8792,11/30/2016 18:27,4,159.9600067,158.3600006,North Africa,PROCESSING,627,Under Armour Girls' Toddler Spine Surge Runni,39.99000168,12/04/16 18:27,Standard Class
TRANSFER,158.3600006,Late delivery,Shop By Sport,Consumer,MD,21228,Golf,39.26515198,-76.77284241,Sudán,10416,10/22/2016 12:23,4,159.9600067,158.3600006,North Africa,PROCESSING,627,Under Armour Girls' Toddler Spine Surge Runni,39.99000168,10/27/2016 12:23,Standard Class
TRANSFER,194,Late delivery,Women's Apparel,Consumer,PA,17013,Golf,40.21802902,-77.1828537,Egipto,424,09/03/16 05:58,4,200,194,North Africa,PROCESSING,502,Nike Men's Dri-FIT Victory Golf Polo,50,09/08/16 05:58,Standard Class
TRANSFER,186,Advance shipping,Women's Apparel,Consumer,NY,10306,Golf,40.56678009,-74.11734772,Egipto,10031,8/29/2016 20:10,4,200,186,North Africa,PROCESSING,502,Nike Men's Dri-FIT Victory Golf Polo,50,09/01/16 20:10,Standard Class
TRANSFER,180,Advance shipping,Women's Apparel,Consumer,IL,60102,Golf,42.17575073,-88.32157135,Argelia,12288,11/03/16 09:13,4,200,180,North Africa,PROCESSING,502,Nike Men's Dri-FIT Victory Golf Polo,50,11/06/16 09:13,Standard Class
TRANSFER,139.1699982,Late delivery,Shop By Sport,Consumer,CA,90806,Golf,33.88898468,-118.2071152,Marruecos,10819,09/01/16 22:47,4,159.9600067,139.1699982,North Africa,PROCESSING,627,Under Armour Girls' Toddler Spine Surge Runni,39.99000168,09/07/16 22:47,Standard Class
TRANSFER,139.1699982,Advance shipping,Shop By Sport,Consumer,GA,30066,Golf,34.03212357,-84.51288605,Marruecos,5418,9/19/2016 6:18,4,159.9600067,139.1699982,North Africa,PROCESSING,627,Under Armour Girls' Toddler Spine Surge Runni,39.99000168,9/21/2016 6:18,Standard Class
TRANSFER,166,Advance shipping,Women's Apparel,Consumer,NJ,7305,Golf,40.70602036,-74.08685303,República Democrática del Congo,7272,10/14/2016 3:59,4,200,166,Central Africa,PROCESSING,502,Nike Men's Dri-FIT Victory Golf Polo,50,10/17/2016 3:59,Standard Class
TRANSFER,166,Advance shipping,Women's Apparel,Consumer,CA,90805,Golf,33.8371048,-118.1900482,Sudán,5329,9/23/2016 13:39,4,200,166,North Africa,PROCESSING,502,Nike Men's Dri-FIT Victory Golf Polo,50,9/25/2016 13:39,Standard Class
TRANSFER,132.7700043,Shipping on time,Shop By Sport,Consumer,CA,90003,Golf,33.9598465,-118.3780823,Costa de Marfil,11720,01/09/17 21:54,4,159.9600067,132.7700043,West Africa,PROCESSING,627,Under Armour Girls' Toddler Spine Surge Runni,39.99000168,1/13/2017 21:54,Standard Class
TRANSFER,164,Advance shipping,Women's Apparel,Consumer,TN,38109,Golf,35.0965271,-90.06786346,República Democrática del Congo,7810,11/30/2016 11:06,4,200,164,Central Africa,PROCESSING,502,Nike Men's Dri-FIT Victory Golf Polo,50,12/03/16 11:06,Standard Class
TRANSFER,67.16999817,Advance shipping,Golf Balls,Consumer,FL,33549,Outdoors,28.08681297,-82.43898773,Somalia,3624,12/14/2016 19:50,4,79.95999908,67.16999817,East Africa,PROCESSING,810,Glove It Women's Mod Oval Golf Glove,19.98999977,12/16/2016 19:50,Standard Class
TRANSFER,170.9600067,Shipping canceled,Tennis & Racquet,Consumer,IL,60148,Fitness,41.85577774,-88.00856781,Angola,7331,10/08/16 03:39,4,179.9600067,170.9600067,Central Africa,SUSPECTED_FRAUD,116,Nike Men's Comfort 2 Slide,44.99000168,10/14/2016 3:39,Standard Class
TRANSFER,387.9599915,Shipping canceled,Cardio Equipment,Consumer,CA,93030,Footwear,33.79024124,-118.2131653,Tanzania,125,8/30/2016 2:28,4,399.9599915,387.9599915,East Africa,SUSPECTED_FRAUD,191,Nike Men's Free 5.0+ Running Shoe,99.98999786,09/05/16 02:28,Standard Class
TRANSFER,191.9700012,Shipping canceled,Cleats,Consumer,NY,11207,Apparel,40.66577148,-73.89246368,Egipto,9419,11/02/16 06:56,4,239.9600067,191.9700012,North Africa,SUSPECTED_FRAUD,365,Perfect Fitness Perfect Rip Deck,59.99000168,11/05/16 06:56,Standard Class
TRANSFER,176,Shipping canceled,Women's Apparel,Consumer,MA,2740,Golf,41.63562393,-70.93080139,Sudán,1250,10/10/16 21:09,4,200,176,North Africa,SUSPECTED_FRAUD,502,Nike Men's Dri-FIT Victory Golf Polo,50,10/13/2016 21:09,Standard Class
TRANSFER,139.1699982,Shipping canceled,Shop By Sport,Consumer,NY,12550,Golf,41.50205994,-74.01177216,Guinea,7683,12/19/2016 10:54,4,159.9600067,139.1699982,West Africa,SUSPECTED_FRAUD,627,Under Armour Girls' Toddler Spine Surge Runni,39.99000168,12/23/2016 10:54,Standard Class
TRANSFER,235.1999969,Shipping canceled,Girls' Apparel,Consumer,FL,33175,Golf,25.74613953,-80.39176178,Marruecos,2728,11/29/2016 8:07,4,280,235.1999969,North Africa,SUSPECTED_FRAUD,565,adidas Youth Germany Black/Red Away Match Soc,70,12/05/16 08:07,Standard Class
TRANSFER,131.1699982,Shipping canceled,Shop By Sport,Consumer,PA,19446,Golf,40.24931717,-75.25538635,Etiopía,4612,11/24/2016 6:33,4,159.9600067,131.1699982,East Africa,SUSPECTED_FRAUD,627,Under Armour Girls' Toddler Spine Surge Runni,39.99000168,11/28/2016 6:33,Standard Class
TRANSFER,160,Shipping canceled,Women's Apparel,Consumer,NY,11207,Golf,40.66577148,-73.89246368,Egipto,9419,11/02/16 06:56,4,200,160,North Africa,SUSPECTED_FRAUD,502,Nike Men's Dri-FIT Victory Golf Polo,50,11/05/16 06:56,Standard Class
TRANSFER,205.8800049,Shipping canceled,Electronics,Consumer,CA,93030,Outdoors,33.79024124,-118.2131653,Tanzania,125,8/30/2016 2:28,4,207.9600067,205.8800049,East Africa,SUSPECTED_FRAUD,821,Titleist Pro V1 High Numbers Personalized Gol,51.99000168,09/05/16 02:28,Standard Class
TRANSFER,319.9700012,Shipping canceled,Cardio Equipment,Consumer,CA,90037,Footwear,33.95993424,-118.3780823,Países Bajos,12019,7/27/2017 5:41,4,399.9599915,319.9700012,Western Europe,CANCELED,191,Nike Men's Free 5.0+ Running Shoe,99.98999786,08/01/17 05:41,Standard Class
TRANSFER,235.1600037,Shipping canceled,Cleats,Consumer,MD,21206,Apparel,39.13785553,-76.81587219,Italia,10549,7/14/2015 2:31,4,239.9600067,235.1600037,Southern Europe,CANCELED,365,Perfect Fitness Perfect Rip Deck,59.99000168,7/18/2015 2:31,Standard Class
TRANSFER,230.3600006,Shipping canceled,Cleats,Consumer,AZ,85035,Apparel,33.47337341,-112.1697769,Alemania,4909,07/05/17 12:22,4,239.9600067,230.3600006,Western Europe,CANCELED,365,Perfect Fitness Perfect Rip Deck,59.99000168,07/07/17 12:22,Standard Class
TRANSFER,211.1600037,Shipping canceled,Cleats,Consumer,CA,92833,Apparel,33.87593842,-118.0005798,Italia,5854,7/23/2015 11:06,4,239.9600067,211.1600037,Southern Europe,CANCELED,365,Perfect Fitness Perfect Rip Deck,59.99000168,7/28/2015 11:06,Standard Class
TRANSFER,208.7700043,Shipping canceled,Cleats,Consumer,MD,21218,Apparel,39.27495956,-76.61506653,Rusia,3066,11/15/2016 2:11,4,239.9600067,208.7700043,Eastern Europe,CANCELED,365,Perfect Fitness Perfect Rip Deck,59.99000168,11/20/2016 2:11,Standard Class
TRANSFER,196.7700043,Shipping canceled,Cleats,Consumer,CA,95823,Apparel,38.48671341,-121.459343,Reino Unido,11431,8/31/2015 3:51,4,239.9600067,196.7700043,Northern Europe,CANCELED,365,Perfect Fitness Perfect Rip Deck,59.99000168,09/06/15 03:51,Standard Class
TRANSFER,179.9700012,Shipping canceled,Cleats,Consumer,IL,60614,Apparel,41.89535523,-87.72576141,Reino Unido,9906,07/06/17 07:18,4,239.9600067,179.9700012,Northern Europe,CANCELED,365,Perfect Fitness Perfect Rip Deck,59.99000168,07/12/17 07:18,Standard Class
TRANSFER,198,Shipping canceled,Women's Apparel,Consumer,NC,27410,Golf,36.08757019,-79.88663483,Francia,2048,09/04/17 10:22,4,200,198,Western Europe,CANCELED,502,Nike Men's Dri-FIT Victory Golf Polo,50,09/09/17 10:22,Standard Class
TRANSFER,151.9600067,Shipping canceled,Shop By Sport,Consumer,CA,95127,Golf,37.37883377,-121.8303375,Francia,3071,07/11/17 20:25,4,159.9600067,151.9600067,Western Europe,CANCELED,627,Under Armour Girls' Toddler Spine Surge Runni,39.99000168,7/17/2017 20:25,Standard Class
TRANSFER,189,Shipping canceled,Women's Apparel,Consumer,NY,10031,Golf,40.82476044,-73.94992065,Países Bajos,11065,10/14/2015 17:07,4,200,189,Western Europe,CANCELED,502,Nike Men's Dri-FIT Victory Golf Polo,50,10/17/2015 17:07,Standard Class
TRANSFER,186,Shipping canceled,Women's Apparel,Consumer,OH,44107,Golf,41.4828682,-81.77826691,Bélgica,394,8/13/2017 5:50,4,200,186,Western Europe,CANCELED,502,Nike Men's Dri-FIT Victory Golf Polo,50,8/18/2017 5:50,Standard Class
TRANSFER,180,Shipping canceled,Women's Apparel,Consumer,IL,60614,Golf,41.89535523,-87.72576141,Reino Unido,9906,07/06/17 07:18,4,200,180,Northern Europe,CANCELED,502,Nike Men's Dri-FIT Victory Golf Polo,50,07/12/17 07:18,Standard Class
TRANSFER,180,Shipping canceled,Women's Apparel,Consumer,OH,45011,Golf,39.3985405,-84.55661774,Reino Unido,5707,09/11/15 10:40,4,200,180,Northern Europe,CANCELED,502,Nike Men's Dri-FIT Victory Golf Polo,50,9/15/2015 10:40,Standard Class
TRANSFER,143.9600067,Shipping canceled,Shop By Sport,Consumer,MD,21206,Golf,39.13785553,-76.81587219,Italia,10549,7/14/2015 2:31,4,159.9600067,143.9600067,Southern Europe,CANCELED,627,Under Armour Girls' Toddler Spine Surge Runni,39.99000168,7/18/2015 2:31,Standard Class
TRANSFER,166,Shipping canceled,Women's Apparel,Consumer,OR,97470,Golf,43.20556259,-123.3465195,Italia,2682,9/24/2015 4:52,4,200,166,Southern Europe,CANCELED,502,Nike Men's Dri-FIT Victory Golf Polo,50,9/27/2015 4:52,Standard Class
TRANSFER,131.1699982,Shipping canceled,Shop By Sport,Consumer,CA,95350,Golf,37.66708756,-120.9958801,Finlandia,467,09/04/17 10:01,4,159.9600067,131.1699982,Northern Europe,CANCELED,627,Under Armour Girls' Toddler Spine Surge Runni,39.99000168,09/08/17 10:01,Standard Class
TRANSFER,164,Shipping canceled,Women's Apparel,Consumer,NY,10003,Golf,40.73124313,-73.98880768,Francia,10577,09/01/17 14:03,4,200,164,Western Europe,CANCELED,502,Nike Men's Dri-FIT Victory Golf Polo,50,09/06/17 14:03,Standard Class
TRANSFER,160,Shipping canceled,Women's Apparel,Consumer,NY,10003,Golf,40.73124313,-73.98880768,Francia,10577,09/01/17 14:03,4,200,160,Western Europe,CANCELED,502,Nike Men's Dri-FIT Victory Golf Polo,50,09/06/17 14:03,Standard Class
TRANSFER,89.95999908,Shipping canceled,Accessories,Consumer,MA,2740,Outdoors,41.63562393,-70.93080139,Bulgaria,3471,12/04/16 11:48,4,99.95999908,89.95999908,Eastern Europe,CANCELED,905,Team Golf Texas Longhorns Putter Grip,24.98999977,12/08/16 11:48,Standard Class
TRANSFER,90.95999908,Advance shipping,Lacrosse,Consumer,CA,92024,Fitness,33.04647064,-117.2896729,España,3535,08/11/15 07:44,4,99.95999908,90.95999908,Southern Europe,PENDING,93,Under Armour Men's Tech II T-Shirt,24.98999977,8/13/2015 7:44,Standard Class
TRANSFER,199.1699982,Advance shipping,Baseball & Softball,Consumer,CA,95116,Fitness,37.36024094,-121.8450699,Francia,11715,06/02/15 13:06,4,239.9600067,199.1699982,Western Europe,PENDING,44,adidas Men's F10 Messi TRX FG Soccer Cleat,59.99000168,06/04/15 13:06,Standard Class
TRANSFER,399.9599915,Late delivery,Cardio Equipment,Consumer,NY,13440,Footwear,43.21662521,-75.45603943,Alemania,9814,06/02/15 15:54,4,399.9599915,399.9599915,Western Europe,PENDING,191,Nike Men's Free 5.0+ Running Shoe,99.98999786,06/07/15 15:54,Standard Class
TRANSFER,387.9599915,Advance shipping,Cardio Equipment,Consumer,CA,95076,Footwear,36.93397141,-121.7434616,Italia,4848,7/26/2017 11:28,4,399.9599915,387.9599915,Southern Europe,PENDING,191,Nike Men's Free 5.0+ Running Shoe,99.98999786,7/29/2017 11:28,Standard Class
TRANSFER,383.9599915,Advance shipping,Cardio Equipment,Consumer,ID,83642,Footwear,43.56052399,-116.3960342,Italia,569,7/21/2017 21:07,4,399.9599915,383.9599915,Southern Europe,PENDING,191,Nike Men's Free 5.0+ Running Shoe,99.98999786,7/24/2017 21:07,Standard Class
TRANSFER,379.9599915,Shipping on time,Cardio Equipment,Consumer,TX,77084,Footwear,29.86195946,-95.64417267,Italia,5749,10/07/15 22:33,4,399.9599915,379.9599915,Southern Europe,PENDING,191,Nike Men's Free 5.0+ Running Shoe,99.98999786,10/11/15 22:33,Standard Class
TRANSFER,379.9599915,Advance shipping,Cardio Equipment,Consumer,CA,90027,Footwear,34.12594605,-118.2910156,Alemania,4460,09/05/17 16:50,4,399.9599915,379.9599915,Western Europe,PENDING,191,Nike Men's Free 5.0+ Running Shoe,99.98999786,09/07/17 16:50,Standard Class
TRANSFER,377.9599915,Advance shipping,Cardio Equipment,Consumer,NY,11229,Footwear,40.60237885,-73.95497131,Reino Unido,6506,08/11/17 09:21,4,399.9599915,377.9599915,Northern Europe,PENDING,191,Nike Men's Free 5.0+ Running Shoe,99.98999786,8/14/2017 9:21,Standard Class
TRANSFER,363.9599915,Advance shipping,Cardio Equipment,Consumer,NY,13760,Footwear,42.07463837,-76.1240387,Italia,6050,8/28/2015 21:54,4,399.9599915,363.9599915,Southern Europe,PENDING,191,Nike Men's Free 5.0+ Running Shoe,99.98999786,8/30/2015 21:54,Standard Class
TRANSFER,116.4400024,Advance shipping,Electronics,Consumer,CA,95148,Footwear,37.32554245,-121.7993469,Francia,3246,6/22/2015 13:25,4,127.9599991,116.4400024,Western Europe,PENDING,282,Under Armour Women's Ignite PIP VI Slide,31.98999977,6/25/2015 13:25,Standard Class
TRANSFER,359.9599915,Shipping on time,Cardio Equipment,Consumer,TX,77450,Footwear,29.77441025,-95.74694824,Italia,2364,10/13/2015 1:10,4,399.9599915,359.9599915,Southern Europe,PENDING,191,Nike Men's Free 5.0+ Running Shoe,99.98999786,10/17/2015 1:10,Standard Class
TRANSFER,158.3600006,Shipping on time,Electronics,Consumer,CA,93277,Footwear,36.31933212,-119.2960815,Ucrania,12216,12/27/2016 9:50,4,179.9600067,158.3600006,Eastern Europe,PENDING,278,Under Armour Men's Compression EV SL Slide,44.99000168,12/31/2016 9:50,Standard Class
TRANSFER,351.9599915,Shipping on time,Cardio Equipment,Consumer,CA,90027,Footwear,34.12594605,-118.2910156,Reino Unido,4460,8/22/2015 17:43,4,399.9599915,351.9599915,Northern Europe,PENDING,191,Nike Men's Free 5.0+ Running Shoe,99.98999786,8/26/2015 17:43,Standard Class
TRANSFER,351.9599915,Advance shipping,Cardio Equipment,Consumer,CA,93535,Footwear,34.69703293,-118.0883026,Francia,11388,09/11/15 05:04,4,399.9599915,351.9599915,Western Europe,PENDING,191,Nike Men's Free 5.0+ Running Shoe,99.98999786,9/14/2015 5:04,Standard Class
TRANSFER,347.9700012,Advance shipping,Cardio Equipment,Consumer,PA,17402,Footwear,39.9602356,-76.67675781,Bélgica,7521,10/12/15 13:58,4,399.9599915,347.9700012,Western Europe,PENDING,191,Nike Men's Free 5.0+ Running Shoe,99.98999786,10/14/2015 13:58,Standard Class
TRANSFER,339.9700012,Late delivery,Cardio Equipment,Consumer,AZ,85022,Footwear,33.64781952,-112.0518799,Alemania,1628,07/05/17 13:25,4,399.9599915,339.9700012,Western Europe,PENDING,191,Nike Men's Free 5.0+ Running Shoe,99.98999786,07/10/17 13:25,Standard Class
TRANSFER,335.9700012,Late delivery,Cardio Equipment,Consumer,CA,93436,Footwear,34.58764267,-120.4081879,Francia,7222,6/20/2015 9:34,4,399.9599915,335.9700012,Western Europe,PENDING,191,Nike Men's Free 5.0+ Running Shoe,99.98999786,6/25/2015 9:34,Standard Class
TRANSFER,327.9700012,Advance shipping,Cardio Equipment,Consumer,FL,33186,Footwear,25.77437019,-80.19377899,Italia,5929,9/17/2017 16:07,4,399.9599915,327.9700012,Southern Europe,PENDING,191,Nike Men's Free 5.0+ Running Shoe,99.98999786,9/19/2017 16:07,Standard Class
TRANSFER,319.9700012,Late delivery,Cardio Equipment,Consumer,PA,17404,Footwear,39.95479965,-76.75787354,Alemania,6123,7/18/2015 11:59,4,399.9599915,319.9700012,Western Europe,PENDING,191,Nike Men's Free 5.0+ Running Shoe,99.98999786,7/23/2015 11:59,Standard Class
TRANSFER,239.9600067,Late delivery,Cleats,Consumer,UT,84404,Apparel,41.28277206,-112.1233444,Reino Unido,587,06/01/15 13:37,4,239.9600067,239.9600067,Northern Europe,PENDING,365,Perfect Fitness Perfect Rip Deck,59.99000168,06/06/15 13:37,Standard Class
TRANSFER,239.9600067,Late delivery,Cleats,Consumer,NC,27610,Apparel,35.81178284,-78.5975647,Alemania,1240,07/10/17 07:38,4,239.9600067,239.9600067,Western Europe,PENDING,365,Perfect Fitness Perfect Rip Deck,59.99000168,7/16/2017 7:38,Standard Class
TRANSFER,235.1600037,Advance shipping,Cleats,Consumer,VA,23455,Apparel,36.85530472,-76.1946106,Francia,8806,7/16/2017 4:08,4,239.9600067,235.1600037,Western Europe,PENDING,365,Perfect Fitness Perfect Rip Deck,59.99000168,7/18/2017 4:08,Standard Class
TRANSFER,232.7599945,Advance shipping,Cleats,Consumer,CA,92009,Apparel,33.10355759,-117.2678757,Reino Unido,341,6/25/2017 7:08,4,239.9600067,232.7599945,Northern Europe,PENDING,365,Perfect Fitness Perfect Rip Deck,59.99000168,6/27/2017 7:08,Standard Class
TRANSFER,232.7599945,Advance shipping,Cleats,Consumer,CA,91745,Apparel,33.97114563,-117.9650879,España,3064,07/05/17 23:14,4,239.9600067,232.7599945,Southern Europe,PENDING,365,Perfect Fitness Perfect Rip Deck,59.99000168,07/08/17 23:14,Standard Class
TRANSFER,230.3600006,Advance shipping,Cleats,Consumer,NJ,7087,Apparel,40.7615242,-74.03826904,Reino Unido,10614,06/08/15 10:59,4,239.9600067,230.3600006,Northern Europe,PENDING,365,Perfect Fitness Perfect Rip Deck,59.99000168,06/10/15 10:59,Standard Class
TRANSFER,230.3600006,Late delivery,Cleats,Consumer,FL,33023,Apparel,25.97953987,-80.19422913,Francia,10563,08/03/15 08:27,4,239.9600067,230.3600006,Western Europe,PENDING,365,Perfect Fitness Perfect Rip Deck,59.99000168,08/09/15 08:27,Standard Class
TRANSFER,230.3600006,Late delivery,Cleats,Consumer,IL,60440,Apparel,41.7258606,-88.06419373,Francia,11002,8/24/2017 18:37,4,239.9600067,230.3600006,Western Europe,PENDING,365,Perfect Fitness Perfect Rip Deck,59.99000168,8/29/2017 18:37,Standard Class
TRANSFER,230.3600006,Late delivery,Cleats,Consumer,IN,47906,Apparel,40.4853096,-87.05938721,Alemania,11486,08/06/15 20:11,4,239.9600067,230.3600006,Western Europe,PENDING,365,Perfect Fitness Perfect Rip Deck,59.99000168,08/11/15 20:11,Standard Class
TRANSFER,230.3600006,Late delivery,Cleats,Consumer,NY,11103,Apparel,40.76861954,-73.90949249,Austria,1759,12/28/2016 12:28,4,239.9600067,230.3600006,Western Europe,PENDING,365,Perfect Fitness Perfect Rip Deck,59.99000168,01/02/17 12:28,Standard Class
TRANSFER,226.7599945,Shipping on time,Cleats,Consumer,NJ,7105,Apparel,45.5898819,-122.7153473,Italia,10659,6/30/2015 21:28,4,239.9600067,226.7599945,Southern Europe,PENDING,365,Perfect Fitness Perfect Rip Deck,59.99000168,07/04/15 21:28,Standard Class
TRANSFER,226.7599945,Shipping on time,Cleats,Consumer,CA,95127,Apparel,37.37883377,-121.8303375,Francia,8899,8/19/2017 22:39,4,239.9600067,226.7599945,Western Europe,PENDING,365,Perfect Fitness Perfect Rip Deck,59.99000168,8/23/2017 22:39,Standard Class
TRANSFER,223.1600037,Late delivery,Cleats,Consumer,VA,22192,Apparel,37.62722778,-77.32672882,España,3315,7/31/2017 23:33,4,239.9600067,223.1600037,Southern Europe,PENDING,365,Perfect Fitness Perfect Rip Deck,59.99000168,08/05/17 23:33,Standard Class
TRANSFER,223.1600037,Late delivery,Cleats,Consumer,TX,78596,Apparel,26.16252518,-97.98887634,Francia,10051,08/12/17 05:40,4,239.9600067,223.1600037,Western Europe,PENDING,365,Perfect Fitness Perfect Rip Deck,59.99000168,8/18/2017 5:40,Standard Class
TRANSFER,218.3600006,Advance shipping,Cleats,Consumer,NY,11432,Apparel,40.70798492,-73.78303528,España,6402,10/16/2015 0:38,4,239.9600067,218.3600006,Southern Europe,PENDING,365,Perfect Fitness Perfect Rip Deck,59.99000168,10/19/2015 0:38,Standard Class
TRANSFER,218.3600006,Late delivery,Cleats,Consumer,OH,44107,Apparel,40.52737045,-81.26895905,Alemania,4021,9/13/2017 1:04,4,239.9600067,218.3600006,Western Europe,PENDING,365,Perfect Fitness Perfect Rip Deck,59.99000168,9/18/2017 1:04,Standard Class
TRANSFER,215.9600067,Late delivery,Cleats,Consumer,OH,44107,Apparel,40.52737045,-81.26895905,Alemania,4021,9/13/2017 1:04,4,239.9600067,215.9600067,Western Europe,PENDING,365,Perfect Fitness Perfect Rip Deck,59.99000168,9/18/2017 1:04,Standard Class
TRANSFER,211.1600037,Advance shipping,Cleats,Consumer,FL,33186,Apparel,25.77437019,-80.19377899,Italia,5929,9/17/2017 16:07,4,239.9600067,211.1600037,Southern Europe,PENDING,365,Perfect Fitness Perfect Rip Deck,59.99000168,9/19/2017 16:07,Standard Class
TRANSFER,211.1600037,Late delivery,Cleats,Consumer,TX,75243,Apparel,32.9131012,-96.73959351,Alemania,4195,09/09/17 01:04,4,239.9600067,211.1600037,Western Europe,PENDING,365,Perfect Fitness Perfect Rip Deck,59.99000168,9/15/2017 1:04,Standard Class
TRANSFER,203.9700012,Shipping on time,Cleats,Consumer,CA,90201,Apparel,33.97483063,-118.1829376,Rusia,7464,11/15/2016 1:50,4,239.9600067,203.9700012,Eastern Europe,PENDING,365,Perfect Fitness Perfect Rip Deck,59.99000168,11/19/2016 1:50,Standard Class
TRANSFER,203.9700012,Advance shipping,Cleats,Consumer,OR,97223,Apparel,45.44815064,-122.7694931,Reino Unido,11592,6/28/2017 12:13,4,239.9600067,203.9700012,Northern Europe,PENDING,365,Perfect Fitness Perfect Rip Deck,59.99000168,6/30/2017 12:13,Standard Class
TRANSFER,201.5700073,Advance shipping,Cleats,Consumer,CA,95116,Apparel,37.36024094,-121.8450699,Francia,11715,06/02/15 13:06,4,239.9600067,201.5700073,Western Europe,PENDING,365,Perfect Fitness Perfect Rip Deck,59.99000168,06/04/15 13:06,Standard Class
TRANSFER,196.7700043,Shipping on time,Cleats,Consumer,CA,92109,Apparel,32.79521942,-117.2376556,Francia,10831,9/23/2015 20:28,4,239.9600067,196.7700043,Western Europe,PENDING,365,Perfect Fitness Perfect Rip Deck,59.99000168,9/27/2015 20:28,Standard Class
TRANSFER,196.7700043,Shipping on time,Cleats,Consumer,CA,90638,Apparel,33.9031601,-117.9898758,Francia,7586,09/04/15 03:30,4,239.9600067,196.7700043,Western Europe,PENDING,365,Perfect Fitness Perfect Rip Deck,59.99000168,09/08/15 03:30,Standard Class
DEBIT,118.2900009,Late delivery,Men's Footwear,Corporate,CA,90065,Apparel,34.11491013,-118.2400131,Japón,8551,12/28/2015 11:34,1,129.9900055,118.2900009,Eastern Asia,COMPLETE,403,Nike Men's CJ Elite 2 TD Football Cleat,129.9900055,01/02/16 11:34,Standard Class
DEBIT,118.2900009,Advance shipping,Men's Footwear,Corporate,IL,60620,Apparel,41.74866486,-87.66320038,China,5270,11/11/15 03:45,1,129.9900055,118.2900009,Eastern Asia,COMPLETE,403,Nike Men's CJ Elite 2 TD Football Cleat,129.9900055,11/14/2015 3:45,Standard Class
DEBIT,118.2900009,Late delivery,Men's Footwear,Corporate,MI,48205,Apparel,42.42877197,-82.98252869,China,7163,1/25/2016 7:20,1,129.9900055,118.2900009,Eastern Asia,COMPLETE,403,Nike Men's CJ Elite 2 TD Football Cleat,129.9900055,1/31/2016 7:20,Standard Class
DEBIT,118.2900009,Advance shipping,Men's Footwear,Corporate,MT,59102,Apparel,45.78831101,-108.5594101,Corea del Sur,9163,11/17/2015 17:04,1,129.9900055,118.2900009,Eastern Asia,COMPLETE,403,Nike Men's CJ Elite 2 TD Football Cleat,129.9900055,11/19/2015 17:04,Standard Class
DEBIT,196.3999939,Late delivery,Women's Clothing,Corporate,NJ,7047,Apparel,40.77699661,-74.03401947,China,20402,1/26/2018 19:16,1,215.8200073,196.3999939,Eastern Asia,COMPLETE,1363,Summer dresses,215.8200073,1/31/2018 19:16,Standard Class
DEBIT,118.2900009,Advance shipping,Men's Footwear,Corporate,CA,92691,Apparel,33.62104797,-117.6759186,Australia,4807,02/04/16 08:01,1,129.9900055,118.2900009,Oceania,COMPLETE,403,Nike Men's CJ Elite 2 TD Football Cleat,129.9900055,02/07/16 08:01,Standard Class
DEBIT,118.2900009,Shipping on time,Men's Footwear,Corporate,GA,30318,Apparel,33.81022644,-84.41808319,Australia,88,03/03/16 10:47,1,129.9900055,118.2900009,Oceania,COMPLETE,403,Nike Men's CJ Elite 2 TD Football Cleat,129.9900055,03/07/16 10:47,Standard Class
DEBIT,118.2900009,Late delivery,Men's Footwear,Corporate,NY,10002,Apparel,40.71546173,-73.99006653,Australia,7697,3/24/2016 11:38,1,129.9900055,118.2900009,Oceania,COMPLETE,403,Nike Men's CJ Elite 2 TD Football Cleat,129.9900055,3/29/2016 11:38,Standard Class
DEBIT,324.9599915,Late delivery,Children's Clothing,Corporate,MD,21218,Apparel,39.32117081,-76.61475372,India,18007,12/22/2017 20:12,1,357.1000061,324.9599915,South Asia,COMPLETE,1350,Children's heaters,357.1000061,12/27/2017 20:12,Standard Class
DEBIT,118.2900009,Shipping on time,Men's Footwear,Corporate,OH,44136,Apparel,41.3469696,-81.82631683,India,8720,12/25/2015 11:24,1,129.9900055,118.2900009,South Asia,COMPLETE,403,Nike Men's CJ Elite 2 TD Football Cleat,129.9900055,12/29/2015 11:24,Standard Class
DEBIT,54.59000015,Late delivery,Cleats,Corporate,NY,14221,Apparel,42.9666214,-78.74194336,Filipinas,1718,12/20/2015 16:29,1,59.99000168,54.59000015,Southeast Asia,COMPLETE,365,Perfect Fitness Perfect Rip Deck,59.99000168,12/26/2015 16:29,Standard Class
DEBIT,118.2900009,Advance shipping,Men's Footwear,Corporate,HI,96822,Apparel,21.30562019,-157.8386993,Indonesia,7795,1/27/2016 12:14,1,129.9900055,118.2900009,Southeast Asia,COMPLETE,403,Nike Men's CJ Elite 2 TD Football Cleat,129.9900055,1/29/2016 12:14,Standard Class
DEBIT,118.2900009,Advance shipping,Men's Footwear,Corporate,IL,60609,Apparel,41.8947525,-87.74337769,Vietnam,12100,12/05/15 19:29,1,129.9900055,118.2900009,Southeast Asia,COMPLETE,403,Nike Men's CJ Elite 2 TD Football Cleat,129.9900055,12/07/15 19:29,Standard Class
DEBIT,118.2900009,Shipping on time,Men's Footwear,Corporate,WI,53704,Apparel,43.09559631,-89.35118866,Indonesia,11979,11/16/2015 4:59,1,129.9900055,118.2900009,Southeast Asia,COMPLETE,403,Nike Men's CJ Elite 2 TD Football Cleat,129.9900055,11/20/2015 4:59,Standard Class
DEBIT,118.2900009,Late delivery,Men's Footwear,Corporate,NJ,7083,Apparel,33.68896103,-117.9957428,Irak,150,11/17/2016 4:59,1,129.9900055,118.2900009,West Asia,COMPLETE,403,Nike Men's CJ Elite 2 TD Football Cleat,129.9900055,11/22/2016 4:59,Standard Class
DEBIT,116.9899979,Advance shipping,Men's Footwear,Corporate,CA,94080,Apparel,37.67061997,-122.4532928,Uzbekistán,3905,09/09/16 01:03,1,129.9900055,116.9899979,Central Asia,COMPLETE,403,Nike Men's CJ Elite 2 TD Football Cleat,129.9900055,09/11/16 01:03,Standard Class
DEBIT,116.9899979,Shipping on time,Men's Footwear,Corporate,PA,19144,Apparel,40.03124619,-75.18191528,Kirguistán,8552,01/09/17 00:53,1,129.9900055,116.9899979,Central Asia,COMPLETE,403,Nike Men's CJ Elite 2 TD Football Cleat,129.9900055,1/13/2017 0:53,Standard Class
DEBIT,116.9899979,Late delivery,Men's Footwear,Corporate,CA,90065,Apparel,34.11491013,-118.2400131,Japón,8551,12/28/2015 11:34,1,129.9900055,116.9899979,Eastern Asia,COMPLETE,403,Nike Men's CJ Elite 2 TD Football Cleat,129.9900055,01/02/16 11:34,Standard Class
DEBIT,116.9899979,Advance shipping,Men's Footwear,Corporate,FL,33312,Apparel,26.11803436,-80.18949127,China,12038,11/16/2015 18:38,1,129.9900055,116.9899979,Eastern Asia,COMPLETE,403,Nike Men's CJ Elite 2 TD Football Cleat,129.9900055,11/19/2015 18:38,Standard Class
DEBIT,189.7700043,Advance shipping,Men's Clothing,Corporate,NV,89030,Apparel,36.24799728,-115.0415192,Australia,15995,11/23/2017 11:18,1,210.8500061,189.7700043,Oceania,COMPLETE,1357,Men's gala suit,210.8500061,11/26/2017 11:18,Standard Class
DEBIT,116.9899979,Advance shipping,Men's Footwear,Corporate,CA,92691,Apparel,33.62104797,-117.6759186,Australia,4807,02/04/16 08:01,1,129.9900055,116.9899979,Oceania,COMPLETE,403,Nike Men's CJ Elite 2 TD Football Cleat,129.9900055,02/07/16 08:01,Standard Class
DEBIT,116.9899979,Advance shipping,Men's Footwear,Corporate,CO,80013,Apparel,39.49591446,-98.98998261,Australia,10291,11/17/2015 15:19,1,129.9900055,116.9899979,Oceania,COMPLETE,403,Nike Men's CJ Elite 2 TD Football Cleat,129.9900055,11/19/2015 15:19,Standard Class
DEBIT,116.9899979,Late delivery,Men's Footwear,Corporate,MA,1844,Apparel,42.72396851,-71.18476868,Australia,1293,3/30/2016 23:32,1,129.9900055,116.9899979,Oceania,COMPLETE,403,Nike Men's CJ Elite 2 TD Football Cleat,129.9900055,04/04/16 23:32,Standard Class
DEBIT,53.99000168,Advance shipping,Cleats,Corporate,CA,92627,Apparel,33.64226151,-117.9133224,India,6961,11/16/2015 18:17,1,59.99000168,53.99000168,South Asia,COMPLETE,365,Perfect Fitness Perfect Rip Deck,59.99000168,11/18/2015 18:17,Standard Class
DEBIT,189.7700043,Late delivery,Men's Clothing,Corporate,IL,60649,Apparel,41.75909424,-87.56176758,India,16013,11/23/2017 17:36,1,210.8500061,189.7700043,South Asia,COMPLETE,1357,Men's gala suit,210.8500061,11/29/2017 17:36,Standard Class
DEBIT,116.9899979,Advance shipping,Men's Footwear,Corporate,MD,21061,Apparel,39.13689041,-76.62719727,India,7931,1/28/2016 2:15,1,129.9900055,116.9899979,South Asia,COMPLETE,403,Nike Men's CJ Elite 2 TD Football Cleat,129.9900055,1/30/2016 2:15,Standard Class
DEBIT,194.2400055,Advance shipping,Women's Clothing,Corporate,OH,45014,Apparel,39.31198883,-84.49658966,Pakistán,20545,1/28/2018 21:22,1,215.8200073,194.2400055,South Asia,COMPLETE,1363,Summer dresses,215.8200073,1/31/2018 21:22,Standard Class
DEBIT,116.9899979,Advance shipping,Men's Footwear,Corporate,CA,91790,Apparel,34.06787491,-117.9273758,Indonesia,7454,11/29/2015 16:42,1,129.9900055,116.9899979,Southeast Asia,COMPLETE,403,Nike Men's CJ Elite 2 TD Football Cleat,129.9900055,12/02/15 16:42,Standard Class
DEBIT,116.9899979,Shipping on time,Men's Footwear,Corporate,FL,33312,Apparel,26.11803436,-80.18949127,Filipinas,12038,12/23/2015 17:22,1,129.9900055,116.9899979,Southeast Asia,COMPLETE,403,Nike Men's CJ Elite 2 TD Football Cleat,129.9900055,12/27/2015 17:22,Standard Class
DEBIT,116.9899979,Advance shipping,Men's Footwear,Corporate,GA,30058,Apparel,33.71007919,-84.11247253,Indonesia,4618,2/13/2016 2:13,1,129.9900055,116.9899979,Southeast Asia,COMPLETE,403,Nike Men's CJ Elite 2 TD Football Cleat,129.9900055,2/16/2016 2:13,Standard Class
DEBIT,116.9899979,Advance shipping,Men's Footwear,Corporate,HI,96822,Apparel,21.30562019,-157.8386993,Indonesia,7795,1/27/2016 12:14,1,129.9900055,116.9899979,Southeast Asia,COMPLETE,403,Nike Men's CJ Elite 2 TD Football Cleat,129.9900055,1/29/2016 12:14,Standard Class
DEBIT,116.9899979,Shipping on time,Men's Footwear,Corporate,WI,53704,Apparel,43.09559631,-89.35118866,Indonesia,11979,11/16/2015 4:59,1,129.9900055,116.9899979,Southeast Asia,COMPLETE,403,Nike Men's CJ Elite 2 TD Football Cleat,129.9900055,11/20/2015 4:59,Standard Class
DEBIT,53.99000168,Late delivery,Cleats,Corporate,MN,55106,Apparel,44.95698166,-93.06536865,Arabia Saudí,1695,11/30/2016 4:48,1,59.99000168,53.99000168,West Asia,COMPLETE,365,Perfect Fitness Perfect Rip Deck,59.99000168,12/05/16 04:48,Standard Class
DEBIT,52.79000092,Shipping on time,Cleats,Corporate,CA,93257,Apparel,35.93829727,-118.9438477,China,11286,02/12/16 12:34,1,59.99000168,52.79000092,Eastern Asia,COMPLETE,365,Perfect Fitness Perfect Rip Deck,59.99000168,2/16/2016 12:34,Standard Class
DEBIT,114.3899994,Late delivery,Men's Footwear,Corporate,AZ,85345,Apparel,33.57873154,-112.266098,Australia,4357,12/01/15 06:32,1,129.9900055,114.3899994,Oceania,COMPLETE,403,Nike Men's CJ Elite 2 TD Football Cleat,129.9900055,12/07/15 06:32,Standard Class
DEBIT,114.3899994,Advance shipping,Men's Footwear,Corporate,CA,91306,Apparel,32.66745758,-117.0288773,Nueva Zelanda,3029,3/28/2016 11:16,1,129.9900055,114.3899994,Oceania,COMPLETE,403,Nike Men's CJ Elite 2 TD Football Cleat,129.9900055,3/31/2016 11:16,Standard Class
DEBIT,114.3899994,Shipping on time,Men's Footwear,Corporate,CA,93063,Apparel,34.26791382,-118.6712112,Australia,9769,1/18/2016 4:43,1,129.9900055,114.3899994,Oceania,COMPLETE,403,Nike Men's CJ Elite 2 TD Football Cleat,129.9900055,1/22/2016 4:43,Standard Class
DEBIT,114.3899994,Late delivery,Men's Footwear,Corporate,HI,96822,Apparel,21.30562019,-157.8386993,Australia,3567,12/21/2015 21:55,1,129.9900055,114.3899994,Oceania,COMPLETE,403,Nike Men's CJ Elite 2 TD Football Cleat,129.9900055,12/26/2015 21:55,Standard Class
DEBIT,114.3899994,Advance shipping,Men's Footwear,Corporate,IL,60616,Apparel,41.88341522,-88.19973755,Australia,5582,11/07/15 10:25,1,129.9900055,114.3899994,Oceania,COMPLETE,403,Nike Men's CJ Elite 2 TD Football Cleat,129.9900055,11/10/15 10:25,Standard Class
DEBIT,114.3899994,Late delivery,Men's Footwear,Corporate,MA,1844,Apparel,42.72396851,-71.18476868,Australia,1293,3/30/2016 23:32,1,129.9900055,114.3899994,Oceania,COMPLETE,403,Nike Men's CJ Elite 2 TD Football Cleat,129.9900055,04/04/16 23:32,Standard Class
DEBIT,114.3899994,Advance shipping,Men's Footwear,Corporate,PA,19143,Apparel,39.94662857,-75.21822357,Australia,6855,3/24/2016 7:25,1,129.9900055,114.3899994,Oceania,COMPLETE,403,Nike Men's CJ Elite 2 TD Football Cleat,129.9900055,3/27/2016 7:25,Standard Class
DEBIT,114.3899994,Advance shipping,Men's Footwear,Corporate,TX,78501,Apparel,26.20558739,-98.23548889,Australia,10026,02/02/16 03:28,1,129.9900055,114.3899994,Oceania,COMPLETE,403,Nike Men's CJ Elite 2 TD Football Cleat,129.9900055,02/05/16 03:28,Standard Class
DEBIT,189.9199982,Advance shipping,Women's Clothing,Corporate,CA,90032,Apparel,34.0816536,-118.1783524,Australia,20400,1/26/2018 18:34,1,215.8200073,189.9199982,Oceania,COMPLETE,1363,Summer dresses,215.8200073,1/29/2018 18:34,Standard Class
DEBIT,114.3899994,Advance shipping,Men's Footwear,Corporate,CA,92627,Apparel,33.64226151,-117.9133224,India,6961,11/16/2015 18:17,1,129.9900055,114.3899994,South Asia,COMPLETE,403,Nike Men's CJ Elite 2 TD Football Cleat,129.9900055,11/18/2015 18:17,Standard Class
DEBIT,114.3899994,Advance shipping,Men's Footwear,Corporate,IL,60435,Apparel,41.55160904,-88.12562561,India,6956,11/09/15 11:28,1,129.9900055,114.3899994,South Asia,COMPLETE,403,Nike Men's CJ Elite 2 TD Football Cleat,129.9900055,11/12/15 11:28,Standard Class
DEBIT,114.3899994,Late delivery,Men's Footwear,Corporate,TX,78520,Apparel,25.90687752,-97.49913788,India,10082,01/01/16 15:46,1,129.9900055,114.3899994,South Asia,COMPLETE,403,Nike Men's CJ Elite 2 TD Football Cleat,129.9900055,01/07/16 15:46,Standard Class
DEBIT,114.3899994,Shipping on time,Men's Footwear,Corporate,FL,33312,Apparel,26.11803436,-80.18949127,Filipinas,12038,12/23/2015 17:22,1,129.9900055,114.3899994,Southeast Asia,COMPLETE,403,Nike Men's CJ Elite 2 TD Football Cleat,129.9900055,12/27/2015 17:22,Standard Class
DEBIT,114.3899994,Advance shipping,Men's Footwear,Corporate,MD,20904,Apparel,39.04636002,-76.98272705,Filipinas,1839,12/14/2015 12:18,1,129.9900055,114.3899994,Southeast Asia,COMPLETE,403,Nike Men's CJ Elite 2 TD Football Cleat,129.9900055,12/17/2015 12:18,Standard Class
DEBIT,114.3899994,Late delivery,Men's Footwear,Corporate,RI,2860,Apparel,41.86906815,-71.39208221,Indonesia,10155,11/08/15 15:09,1,129.9900055,114.3899994,Southeast Asia,COMPLETE,403,Nike Men's CJ Elite 2 TD Football Cleat,129.9900055,11/13/2015 15:09,Standard Class
DEBIT,114.3899994,Late delivery,Men's Footwear,Corporate,TN,38401,Apparel,35.68884659,-86.81004334,Indonesia,1098,11/21/2015 9:42,1,129.9900055,114.3899994,Southeast Asia,COMPLETE,403,Nike Men's CJ Elite 2 TD Football Cleat,129.9900055,11/26/2015 9:42,Standard Class
DEBIT,52.79000092,Advance shipping,Cleats,Corporate,CO,80918,Apparel,38.90581513,-104.7751541,Turquía,3172,12/28/2016 0:54,1,59.99000168,52.79000092,West Asia,COMPLETE,365,Perfect Fitness Perfect Rip Deck,59.99000168,12/30/2016 0:54,Standard Class
DEBIT,114.3899994,Late delivery,Men's Footwear,Corporate,CA,91801,Apparel,33.72333527,-117.9960556,Arabia Saudí,5536,11/17/2016 17:15,1,129.9900055,114.3899994,West Asia,COMPLETE,403,Nike Men's CJ Elite 2 TD Football Cleat,129.9900055,11/22/2016 17:15,Standard Class
DEBIT,114.3899994,Advance shipping,Men's Footwear,Corporate,CA,93304,Apparel,35.3078804,-119.2523956,Irak,11372,8/31/2016 8:36,1,129.9900055,114.3899994,West Asia,COMPLETE,403,Nike Men's CJ Elite 2 TD Football Cleat,129.9900055,09/02/16 08:36,Standard Class
DEBIT,114.3899994,Shipping on time,Men's Footwear,Corporate,MA,2169,Apparel,42.23906326,-71.00604248,Georgia,4005,12/25/2016 0:02,1,129.9900055,114.3899994,West Asia,COMPLETE,403,Nike Men's CJ Elite 2 TD Football Cleat,129.9900055,12/29/2016 0:02,Standard Class
DEBIT,113.0899963,Late delivery,Men's Footwear,Corporate,TX,78227,Apparel,29.38037109,-98.6422348,Kazajistán,11632,09/06/16 23:39,1,129.9900055,113.0899963,Central Asia,COMPLETE,403,Nike Men's CJ Elite 2 TD Football Cleat,129.9900055,09/12/16 23:39,Standard Class
DEBIT,52.18999863,Advance shipping,Cleats,Corporate,MA,1201,Apparel,42.45111084,-73.25260162,Japón,10891,1/16/2016 1:13,1,59.99000168,52.18999863,Eastern Asia,COMPLETE,365,Perfect Fitness Perfect Rip Deck,59.99000168,1/18/2016 1:13,Standard Class
DEBIT,113.0899963,Advance shipping,Men's Footwear,Corporate,CA,92683,Apparel,33.75820923,-118.0019073,China,11924,03/10/16 04:59,1,129.9900055,113.0899963,Eastern Asia,COMPLETE,403,Nike Men's CJ Elite 2 TD Football Cleat,129.9900055,03/12/16 04:59,Standard Class
DEBIT,113.0899963,Advance shipping,Men's Footwear,Corporate,CA,91710,Apparel,34.01161575,-117.7281189,China,4813,02/05/16 19:03,1,129.9900055,113.0899963,Eastern Asia,COMPLETE,403,Nike Men's CJ Elite 2 TD Football Cleat,129.9900055,02/08/16 19:03,Standard Class
DEBIT,113.0899963,Late delivery,Men's Footwear,Corporate,IL,60640,Apparel,41.89509964,-87.73982239,China,11801,11/08/15 01:08,1,129.9900055,113.0899963,Eastern Asia,COMPLETE,403,Nike Men's CJ Elite 2 TD Football Cleat,129.9900055,11/13/2015 1:08,Standard Class
DEBIT,113.0899963,Advance shipping,Men's Footwear,Corporate,NY,10461,Apparel,40.84625626,-73.84725189,China,6156,12/06/15 15:06,1,129.9900055,113.0899963,Eastern Asia,COMPLETE,403,Nike Men's CJ Elite 2 TD Football Cleat,129.9900055,12/09/15 15:06,Standard Class
DEBIT,52.18999863,Advance shipping,Cleats,Corporate,OH,43302,Apparel,40.7018013,-83.07437134,Australia,1763,12/13/2015 0:55,1,59.99000168,52.18999863,Oceania,COMPLETE,365,Perfect Fitness Perfect Rip Deck,59.99000168,12/15/2015 0:55,Standard Class
DEBIT,113.0899963,Late delivery,Men's Footwear,Corporate,CA,91343,Apparel,34.23563004,-118.4847031,Australia,6721,02/09/16 18:21,1,129.9900055,113.0899963,Oceania,COMPLETE,403,Nike Men's CJ Elite 2 TD Football Cleat,129.9900055,2/14/2016 18:21,Standard Class
DEBIT,113.0899963,Late delivery,Men's Footwear,Corporate,IL,60617,Apparel,41.89603806,-87.67301941,Australia,12205,3/21/2016 11:48,1,129.9900055,113.0899963,Oceania,COMPLETE,403,Nike Men's CJ Elite 2 TD Football Cleat,129.9900055,3/26/2016 11:48,Standard Class
DEBIT,113.0899963,Advance shipping,Men's Footwear,Corporate,IL,60616,Apparel,41.88341522,-88.19973755,Australia,5582,11/07/15 10:25,1,129.9900055,113.0899963,Oceania,COMPLETE,403,Nike Men's CJ Elite 2 TD Football Cleat,129.9900055,11/10/15 10:25,Standard Class
DEBIT,113.0899963,Shipping on time,Men's Footwear,Corporate,KS,67401,Apparel,38.77223587,-97.61299133,Nueva Zelanda,10790,3/23/2016 12:30,1,129.9900055,113.0899963,Oceania,COMPLETE,403,Nike Men's CJ Elite 2 TD Football Cleat,129.9900055,3/27/2016 12:30,Standard Class
DEBIT,113.0899963,Shipping on time,Men's Footwear,Corporate,MD,20783,Apparel,38.97014999,-76.9909668,Australia,11922,3/18/2016 15:08,1,129.9900055,113.0899963,Oceania,COMPLETE,403,Nike Men's CJ Elite 2 TD Football Cleat,129.9900055,3/22/2016 15:08,Standard Class
DEBIT,113.0899963,Advance shipping,Men's Footwear,Corporate,PA,19143,Apparel,39.94662857,-75.21822357,Australia,6855,3/24/2016 7:25,1,129.9900055,113.0899963,Oceania,COMPLETE,403,Nike Men's CJ Elite 2 TD Football Cleat,129.9900055,3/27/2016 7:25,Standard Class
DEBIT,113.0899963,Late delivery,Men's Footwear,Corporate,TX,76180,Apparel,32.84292221,-97.22615814,Australia,10438,3/14/2016 13:24,1,129.9900055,113.0899963,Oceania,COMPLETE,403,Nike Men's CJ Elite 2 TD Football Cleat,129.9900055,3/19/2016 13:24,Standard Class
DEBIT,51.40000153,Late delivery,Baby ,Corporate,NY,10977,Apparel,42.33480835,-74.93064117,India,17747,12/19/2017 1:06,1,59.08000183,51.40000153,South Asia,COMPLETE,1347,Baby sweater,59.08000183,12/24/2017 1:06,Standard Class
DEBIT,183.4400024,Shipping on time,Men's Clothing,Corporate,FL,33312,Apparel,26.11927223,-80.18818665,Nepal,16011,11/23/2017 16:54,1,210.8500061,183.4400024,South Asia,COMPLETE,1357,Men's gala suit,210.8500061,11/27/2017 16:54,Standard Class
DEBIT,113.0899963,Late delivery,Men's Footwear,Corporate,TX,78520,Apparel,25.90687752,-97.49913788,India,10082,01/01/16 15:46,1,129.9900055,113.0899963,South Asia,COMPLETE,403,Nike Men's CJ Elite 2 TD Football Cleat,129.9900055,01/07/16 15:46,Standard Class
DEBIT,310.6799927,Advance shipping,Children's Clothing,Corporate,IL,60643,Apparel,41.52561569,-88.40119934,Indonesia,18004,12/22/2017 19:09,1,357.1000061,310.6799927,Southeast Asia,COMPLETE,1350,Children's heaters,357.1000061,12/24/2017 19:09,Standard Class
DEBIT,52.18999863,Advance shipping,Cleats,Corporate,MA,1841,Apparel,34.02827454,-118.2391357,Indonesia,8,11/22/2015 11:16,1,59.99000168,52.18999863,Southeast Asia,COMPLETE,365,Perfect Fitness Perfect Rip Deck,59.99000168,11/25/2015 11:16,Standard Class
DEBIT,113.0899963,Advance shipping,Men's Footwear,Corporate,CA,94539,Apparel,37.49027634,-121.9271088,Vietnam,3275,12/25/2015 9:18,1,129.9900055,113.0899963,Southeast Asia,COMPLETE,403,Nike Men's CJ Elite 2 TD Football Cleat,129.9900055,12/28/2015 9:18,Standard Class
DEBIT,52.18999863,Advance shipping,Cleats,Corporate,OH,44130,Apparel,41.23169327,-81.84801483,Arabia Saudí,9023,10/14/2016 14:09,1,59.99000168,52.18999863,West Asia,COMPLETE,365,Perfect Fitness Perfect Rip Deck,59.99000168,10/16/2016 14:09,Standard Class
DEBIT,113.0899963,Late delivery,Men's Footwear,Corporate,CA,91761,Apparel,34.03303146,-117.6386414,Turquía,8643,12/15/2016 13:00,1,129.9900055,113.0899963,West Asia,COMPLETE,403,Nike Men's CJ Elite 2 TD Football Cleat,129.9900055,12/21/2016 13:00,Standard Class
DEBIT,113.0899963,Late delivery,Men's Footwear,Corporate,CA,91790,Apparel,34.06787491,-117.9273758,Turquía,11797,11/25/2016 20:02,1,129.9900055,113.0899963,West Asia,COMPLETE,403,Nike Men's CJ Elite 2 TD Football Cleat,129.9900055,12/01/16 20:02,Standard Class
DEBIT,113.0899963,Late delivery,Men's Footwear,Corporate,CA,91801,Apparel,33.72333527,-117.9960556,Arabia Saudí,5536,11/17/2016 17:15,1,129.9900055,113.0899963,West Asia,COMPLETE,403,Nike Men's CJ Elite 2 TD Football Cleat,129.9900055,11/22/2016 17:15,Standard Class
DEBIT,113.0899963,Advance shipping,Men's Footwear,Corporate,CA,92057,Apparel,33.21295548,-117.2749176,Turquía,4062,9/23/2016 10:30,1,129.9900055,113.0899963,West Asia,COMPLETE,403,Nike Men's CJ Elite 2 TD Football Cleat,129.9900055,9/26/2016 10:30,Standard Class
DEBIT,113.0899963,Shipping on time,Men's Footwear,Corporate,GA,31907,Apparel,32.52082825,-84.88657379,Turquía,6897,12/29/2016 5:38,1,129.9900055,113.0899963,West Asia,COMPLETE,403,Nike Men's CJ Elite 2 TD Football Cleat,129.9900055,01/02/17 05:38,Standard Class
DEBIT,110.4899979,Late delivery,Men's Footwear,Corporate,TX,78227,Apparel,29.38037109,-98.6422348,Kazajistán,11632,09/06/16 23:39,1,129.9900055,110.4899979,Central Asia,COMPLETE,403,Nike Men's CJ Elite 2 TD Football Cleat,129.9900055,09/12/16 23:39,Standard Class
DEBIT,110.4899979,Advance shipping,Men's Footwear,Corporate,CA,95240,Apparel,38.11615372,-121.3949966,China,11892,12/28/2015 7:22,1,129.9900055,110.4899979,Eastern Asia,COMPLETE,403,Nike Men's CJ Elite 2 TD Football Cleat,129.9900055,12/31/2015 7:22,Standard Class
DEBIT,110.4899979,Shipping on time,Men's Footwear,Corporate,CA,90063,Apparel,34.04621506,-118.1860352,Corea del Sur,6763,12/25/2015 7:54,1,129.9900055,110.4899979,Eastern Asia,COMPLETE,403,Nike Men's CJ Elite 2 TD Football Cleat,129.9900055,12/29/2015 7:54,Standard Class
DEBIT,183.4499969,Advance shipping,Women's Clothing,Corporate,NY,12550,Apparel,41.50205994,-74.01177216,China,17459,12/14/2017 20:12,1,215.8200073,183.4499969,Eastern Asia,COMPLETE,1363,Summer dresses,215.8200073,12/16/2017 20:12,Standard Class
DEBIT,110.4899979,Late delivery,Men's Footwear,Corporate,CA,91343,Apparel,34.23563004,-118.4847031,Australia,6721,02/09/16 18:21,1,129.9900055,110.4899979,Oceania,COMPLETE,403,Nike Men's CJ Elite 2 TD Football Cleat,129.9900055,2/14/2016 18:21,Standard Class
DEBIT,110.4899979,Late delivery,Men's Footwear,Corporate,FL,33068,Apparel,26.21472931,-80.23004913,Australia,8622,2/18/2016 21:40,1,129.9900055,110.4899979,Oceania,COMPLETE,403,Nike Men's CJ Elite 2 TD Football Cleat,129.9900055,2/24/2016 21:40,Standard Class
DEBIT,110.4899979,Advance shipping,Men's Footwear,Corporate,OH,45013,Apparel,36.72526169,-119.7846375,Australia,241,12/09/15 09:19,1,129.9900055,110.4899979,Oceania,COMPLETE,403,Nike Men's CJ Elite 2 TD Football Cleat,129.9900055,12/11/15 09:19,Standard Class
DEBIT,50.22000122,Shipping on time,Baby ,Corporate,CA,95035,Apparel,37.44713593,-121.9091797,India,17746,12/19/2017 0:45,1,59.08000183,50.22000122,South Asia,COMPLETE,1347,Baby sweater,59.08000183,12/23/2017 0:45,Standard Class
DEBIT,110.4899979,Advance shipping,Men's Footwear,Corporate,CA,91748,Apparel,33.99020767,-117.9262314,Irán,822,01/06/17 16:08,1,129.9900055,110.4899979,South Asia,COMPLETE,403,Nike Men's CJ Elite 2 TD Football Cleat,129.9900055,01/08/17 16:08,Standard Class
DEBIT,110.4899979,Advance shipping,Men's Footwear,Corporate,NY,14120,Apparel,43.02910233,-78.87342072,Irán,6376,01/05/17 08:57,1,129.9900055,110.4899979,South Asia,COMPLETE,403,Nike Men's CJ Elite 2 TD Football Cleat,129.9900055,01/08/17 08:57,Standard Class
DEBIT,454.9500122,Late delivery,Cardio Equipment,Consumer,CA,90247,Footwear,33.89164734,-118.299408,Alemania,9557,6/21/2017 22:12,5,499.9500122,454.9500122,Western Europe,COMPLETE,191,Nike Men's Free 5.0+ Running Shoe,99.98999786,6/27/2017 22:12,Standard Class
DEBIT,449.9599915,Late delivery,Cardio Equipment,Consumer,FL,32308,Footwear,30.49506187,-84.24580383,Reino Unido,11397,09/11/17 02:07,5,499.9500122,449.9599915,Northern Europe,COMPLETE,191,Nike Men's Free 5.0+ Running Shoe,99.98999786,9/17/2017 2:07,Standard Class
DEBIT,449.9599915,Late delivery,Cardio Equipment,Consumer,IL,60804,Footwear,41.86019898,-87.76747131,Irlanda,6999,09/02/17 00:33,5,499.9500122,449.9599915,Northern Europe,COMPLETE,191,Nike Men's Free 5.0+ Running Shoe,99.98999786,09/07/17 00:33,Standard Class
DEBIT,449.9599915,Advance shipping,Cardio Equipment,Consumer,OR,97405,Footwear,44.0263443,-123.0935287,Reino Unido,10534,09/12/15 23:07,5,499.9500122,449.9599915,Northern Europe,COMPLETE,191,Nike Men's Free 5.0+ Running Shoe,99.98999786,9/15/2015 23:07,Standard Class
DEBIT,449.9599915,Late delivery,Cardio Equipment,Consumer,CA,90024,Footwear,34.06435013,-118.437088,Italia,6815,8/28/2015 15:57,5,499.9500122,449.9599915,Southern Europe,COMPLETE,191,Nike Men's Free 5.0+ Running Shoe,99.98999786,09/02/15 15:57,Standard Class
DEBIT,439.9599915,Late delivery,Cardio Equipment,Consumer,CA,92504,Footwear,33.93642426,-117.4205856,Francia,2269,08/10/17 11:16,5,499.9500122,439.9599915,Western Europe,COMPLETE,191,Nike Men's Free 5.0+ Running Shoe,99.98999786,8/15/2017 11:16,Standard Class
DEBIT,434.9599915,Late delivery,Cardio Equipment,Consumer,NC,27203,Footwear,35.70111466,-79.82025147,Países Bajos,10708,09/12/15 16:48,5,499.9500122,434.9599915,Western Europe,COMPLETE,191,Nike Men's Free 5.0+ Running Shoe,99.98999786,9/17/2015 16:48,Standard Class
DEBIT,434.9599915,Shipping on time,Cardio Equipment,Consumer,WI,54601,Footwear,43.8122406,-91.24485779,Francia,9119,7/20/2017 8:40,5,499.9500122,434.9599915,Western Europe,COMPLETE,191,Nike Men's Free 5.0+ Running Shoe,99.98999786,7/24/2017 8:40,Standard Class
DEBIT,127.5,Late delivery,Cardio Equipment,Consumer,MO,63031,Footwear,38.79660034,-90.34640503,Reino Unido,9500,09/05/15 16:38,5,150,127.5,Northern Europe,COMPLETE,172,Nike Women's Tempo Shorts,30,09/10/15 16:38,Standard Class
DEBIT,424.9599915,Late delivery,Cardio Equipment,Consumer,CA,92024,Footwear,33.04647064,-117.2896729,Alemania,9910,8/27/2015 22:26,5,499.9500122,424.9599915,Western Europe,COMPLETE,191,Nike Men's Free 5.0+ Running Shoe,99.98999786,09/01/15 22:26,Standard Class
DEBIT,419.9599915,Advance shipping,Cardio Equipment,Consumer,CA,91351,Footwear,35.30461502,-119.0659714,Alemania,5036,8/31/2017 16:19,5,499.9500122,419.9599915,Western Europe,COMPLETE,191,Nike Men's Free 5.0+ Running Shoe,99.98999786,09/03/17 16:19,Standard Class
DEBIT,419.9599915,Late delivery,Cardio Equipment,Consumer,CA,91766,Footwear,34.28066635,-119.2400665,Francia,2698,06/04/15 11:41,5,499.9500122,419.9599915,Western Europe,COMPLETE,191,Nike Men's Free 5.0+ Running Shoe,99.98999786,06/09/15 11:41,Standard Class
DEBIT,419.9599915,Shipping on time,Cardio Equipment,Consumer,NY,14850,Footwear,42.43708038,-76.48168945,Alemania,6220,09/11/15 12:26,5,499.9500122,419.9599915,Western Europe,COMPLETE,191,Nike Men's Free 5.0+ Running Shoe,99.98999786,9/15/2015 12:26,Standard Class
DEBIT,134.3600006,Advance shipping,Electronics,Consumer,NY,10314,Footwear,40.58441544,-74.15991974,Alemania,1555,10/24/2015 4:29,5,159.9499969,134.3600006,Western Europe,COMPLETE,282,Under Armour Women's Ignite PIP VI Slide,31.98999977,10/26/2015 4:29,Standard Class
DEBIT,414.9599915,Late delivery,Cardio Equipment,Consumer,CA,90046,Footwear,34.09960938,-118.3507385,Francia,6947,7/29/2015 23:00,5,499.9500122,414.9599915,Western Europe,COMPLETE,191,Nike Men's Free 5.0+ Running Shoe,99.98999786,08/03/15 23:00,Standard Class
DEBIT,409.9599915,Advance shipping,Cardio Equipment,Consumer,PA,18103,Footwear,40.60349274,-75.472435,España,442,7/24/2017 4:49,5,499.9500122,409.9599915,Southern Europe,COMPLETE,191,Nike Men's Free 5.0+ Running Shoe,99.98999786,7/26/2017 4:49,Standard Class
DEBIT,409.9599915,Advance shipping,Cardio Equipment,Consumer,CA,93436,Footwear,34.64638138,-120.4619675,Francia,9671,09/09/17 07:02,5,499.9500122,409.9599915,Western Europe,COMPLETE,191,Nike Men's Free 5.0+ Running Shoe,99.98999786,09/12/17 07:02,Standard Class
DEBIT,409.9599915,Late delivery,Cardio Equipment,Consumer,CA,92026,Footwear,33.13901901,-117.0928192,Alemania,5283,8/19/2017 7:35,5,499.9500122,409.9599915,Western Europe,COMPLETE,191,Nike Men's Free 5.0+ Running Shoe,99.98999786,8/25/2017 7:35,Standard Class
DEBIT,409.9599915,Advance shipping,Cardio Equipment,Consumer,CA,94553,Footwear,38.01199341,-122.1196899,Austria,3364,7/30/2017 23:44,5,499.9500122,409.9599915,Western Europe,COMPLETE,191,Nike Men's Free 5.0+ Running Shoe,99.98999786,08/01/17 23:44,Standard Class
DEBIT,409.9599915,Shipping on time,Cardio Equipment,Consumer,MI,48098,Footwear,42.5804596,-83.15601349,Francia,2170,10/07/15 19:03,5,499.9500122,409.9599915,Western Europe,COMPLETE,191,Nike Men's Free 5.0+ Running Shoe,99.98999786,10/11/15 19:03,Standard Class
DEBIT,399.9599915,Late delivery,Cardio Equipment,Consumer,IL,62040,Footwear,38.72323608,-90.06681824,Reino Unido,11348,8/26/2015 21:54,5,499.9500122,399.9599915,Northern Europe,COMPLETE,191,Nike Men's Free 5.0+ Running Shoe,99.98999786,8/31/2015 21:54,Standard Class
DEBIT,399.9599915,Shipping on time,Cardio Equipment,Consumer,NV,89030,Footwear,36.19946671,-115.1088638,Alemania,10224,09/09/15 11:23,5,499.9500122,399.9599915,Western Europe,COMPLETE,191,Nike Men's Free 5.0+ Running Shoe,99.98999786,9/13/2015 11:23,Standard Class
DEBIT,399.9599915,Late delivery,Cardio Equipment,Consumer,VA,22204,Footwear,38.86595917,-77.13325501,Alemania,7006,9/23/2017 20:19,5,499.9500122,399.9599915,Western Europe,COMPLETE,191,Nike Men's Free 5.0+ Running Shoe,99.98999786,9/28/2017 20:19,Standard Class
DEBIT,374.9599915,Late delivery,Cardio Equipment,Consumer,NY,14150,Footwear,43.01396942,-78.87906647,Ucrania,7363,11/24/2016 12:10,5,499.9500122,374.9599915,Eastern Europe,COMPLETE,191,Nike Men's Free 5.0+ Running Shoe,99.98999786,11/29/2016 12:10,Standard Class
DEBIT,374.9599915,Advance shipping,Cardio Equipment,Consumer,MI,48098,Footwear,42.60966873,-83.16378784,Reino Unido,1595,09/09/15 05:25,5,499.9500122,374.9599915,Northern Europe,COMPLETE,191,Nike Men's Free 5.0+ Running Shoe,99.98999786,09/11/15 05:25,Standard Class
DEBIT,374.9599915,Late delivery,Cardio Equipment,Consumer,CA,93063,Footwear,34.26791382,-118.6712112,Alemania,7492,08/05/17 06:54,5,499.9500122,374.9599915,Western Europe,COMPLETE,191,Nike Men's Free 5.0+ Running Shoe,99.98999786,08/10/17 06:54,Standard Class
DEBIT,374.9599915,Shipping on time,Cardio Equipment,Consumer,MA,2740,Footwear,41.6280365,-70.92701721,Francia,9821,9/16/2017 23:18,5,499.9500122,374.9599915,Western Europe,COMPLETE,191,Nike Men's Free 5.0+ Running Shoe,99.98999786,9/20/2017 23:18,Standard Class
DEBIT,299.9500122,Shipping on time,Cleats,Consumer,AZ,85281,Apparel,33.41519928,-111.9199905,España,5246,8/25/2015 17:32,5,299.9500122,299.9500122,Southern Europe,COMPLETE,365,Perfect Fitness Perfect Rip Deck,59.99000168,8/29/2015 17:32,Standard Class
DEBIT,299.9500122,Advance shipping,Cleats,Consumer,PA,17013,Apparel,40.20003891,-77.24391937,Italia,558,6/16/2015 6:25,5,299.9500122,299.9500122,Southern Europe,COMPLETE,365,Perfect Fitness Perfect Rip Deck,59.99000168,6/18/2015 6:25,Standard Class
DEBIT,299.9500122,Advance shipping,Cleats,Consumer,TX,75227,Apparel,32.77589798,-96.68588257,España,1063,09/11/15 18:44,5,299.9500122,299.9500122,Southern Europe,COMPLETE,365,Perfect Fitness Perfect Rip Deck,59.99000168,9/13/2015 18:44,Standard Class
DEBIT,299.9500122,Shipping on time,Cleats,Consumer,CA,95616,Apparel,38.54666138,-121.7412109,Alemania,2610,6/24/2015 16:34,5,299.9500122,299.9500122,Western Europe,COMPLETE,365,Perfect Fitness Perfect Rip Deck,59.99000168,6/28/2015 16:34,Standard Class
DEBIT,296.9500122,Late delivery,Cleats,Consumer,NY,11238,Apparel,40.67771912,-73.96311951,Rusia,3964,11/06/16 22:21,5,299.9500122,296.9500122,Eastern Europe,COMPLETE,365,Perfect Fitness Perfect Rip Deck,59.99000168,11/12/16 22:21,Standard Class
DEBIT,296.9500122,Shipping on time,Cleats,Consumer,AZ,85281,Apparel,33.41519928,-111.9199905,España,5246,8/25/2015 17:32,5,299.9500122,296.9500122,Southern Europe,COMPLETE,365,Perfect Fitness Perfect Rip Deck,59.99000168,8/29/2015 17:32,Standard Class
DEBIT,296.9500122,Shipping on time,Cleats,Consumer,AZ,85225,Apparel,33.32296753,-111.8416901,Francia,3868,10/19/2015 13:04,5,299.9500122,296.9500122,Western Europe,COMPLETE,365,Perfect Fitness Perfect Rip Deck,59.99000168,10/23/2015 13:04,Standard Class
DEBIT,296.9500122,Advance shipping,Cleats,Consumer,AZ,85224,Apparel,33.30039215,-111.8709564,Alemania,3961,8/19/2015 10:32,5,299.9500122,296.9500122,Western Europe,COMPLETE,365,Perfect Fitness Perfect Rip Deck,59.99000168,8/22/2015 10:32,Standard Class
DEBIT,296.9500122,Shipping on time,Cleats,Consumer,CA,92833,Apparel,33.86329651,-117.9716263,Francia,1261,6/16/2015 1:52,5,299.9500122,296.9500122,Western Europe,COMPLETE,365,Perfect Fitness Perfect Rip Deck,59.99000168,6/20/2015 1:52,Standard Class
DEBIT,296.9500122,Late delivery,Cleats,Consumer,IL,60613,Apparel,41.95449448,-87.65029144,Alemania,9341,6/27/2017 20:06,5,299.9500122,296.9500122,Western Europe,COMPLETE,365,Perfect Fitness Perfect Rip Deck,59.99000168,07/03/17 20:06,Standard Class
DEBIT,296.9500122,Shipping on time,Cleats,Consumer,IL,60123,Apparel,42.03330612,-88.29245758,Bélgica,2550,06/11/15 18:31,5,299.9500122,296.9500122,Western Europe,COMPLETE,365,Perfect Fitness Perfect Rip Deck,59.99000168,6/15/2015 18:31,Standard Class
DEBIT,296.9500122,Late delivery,Cleats,Consumer,PA,17013,Apparel,40.08877564,-75.2024765,Alemania,12045,08/09/17 09:00,5,299.9500122,296.9500122,Western Europe,COMPLETE,365,Perfect Fitness Perfect Rip Deck,59.99000168,8/14/2017 9:00,Standard Class
DEBIT,293.9500122,Advance shipping,Cleats,Consumer,CA,93550,Apparel,34.5802269,-118.0599518,Rusia,2719,10/10/16 17:39,5,299.9500122,293.9500122,Eastern Europe,COMPLETE,365,Perfect Fitness Perfect Rip Deck,59.99000168,10/13/2016 17:39,Standard Class
DEBIT,293.9500122,Shipping on time,Cleats,Consumer,NY,11218,Apparel,40.64059448,-73.97518921,Rusia,7924,9/16/2016 12:26,5,299.9500122,293.9500122,Eastern Europe,COMPLETE,365,Perfect Fitness Perfect Rip Deck,59.99000168,9/20/2016 12:26,Standard Class
DEBIT,293.9500122,Advance shipping,Cleats,Consumer,NY,14120,Apparel,43.02910233,-78.87342072,España,3206,08/02/17 02:53,5,299.9500122,293.9500122,Southern Europe,COMPLETE,365,Perfect Fitness Perfect Rip Deck,59.99000168,08/05/17 02:53,Standard Class
DEBIT,293.9500122,Late delivery,Cleats,Consumer,HI,96822,Apparel,21.28050232,-157.6785278,Alemania,11945,8/24/2017 15:06,5,299.9500122,293.9500122,Western Europe,COMPLETE,365,Perfect Fitness Perfect Rip Deck,59.99000168,8/29/2017 15:06,Standard Class
DEBIT,290.9500122,Advance shipping,Cleats,Consumer,NY,11758,Apparel,40.67998123,-73.4734726,Rusia,3141,10/16/2016 4:41,5,299.9500122,290.9500122,Eastern Europe,COMPLETE,365,Perfect Fitness Perfect Rip Deck,59.99000168,10/18/2016 4:41,Standard Class
DEBIT,290.9500122,Advance shipping,Cleats,Consumer,WA,98023,Apparel,47.30304337,-122.3528137,Polonia,4596,11/17/2016 2:32,5,299.9500122,290.9500122,Eastern Europe,COMPLETE,365,Perfect Fitness Perfect Rip Deck,59.99000168,11/20/2016 2:32,Standard Class
DEBIT,290.9500122,Advance shipping,Cleats,Consumer,CA,90003,Apparel,33.98764038,-118.2705536,España,3942,06/03/15 06:58,5,299.9500122,290.9500122,Southern Europe,COMPLETE,365,Perfect Fitness Perfect Rip Deck,59.99000168,06/06/15 06:58,Standard Class
DEBIT,290.9500122,Shipping on time,Cleats,Consumer,CA,90032,Apparel,34.0816536,-118.1783524,Alemania,8065,7/20/2017 22:41,5,299.9500122,290.9500122,Western Europe,COMPLETE,365,Perfect Fitness Perfect Rip Deck,59.99000168,7/24/2017 22:41,Standard Class
DEBIT,290.9500122,Advance shipping,Cleats,Consumer,CA,92707,Apparel,33.66559982,-117.8830566,Alemania,6758,6/27/2017 12:02,5,299.9500122,290.9500122,Western Europe,COMPLETE,365,Perfect Fitness Perfect Rip Deck,59.99000168,6/30/2017 12:02,Standard Class
DEBIT,290.9500122,Advance shipping,Cleats,Consumer,CA,94565,Apparel,38.02914047,-121.8859177,Francia,4842,7/22/2015 23:53,5,299.9500122,290.9500122,Western Europe,COMPLETE,365,Perfect Fitness Perfect Rip Deck,59.99000168,7/25/2015 23:53,Standard Class
DEBIT,287.9500122,Advance shipping,Cleats,Consumer,NJ,7093,Apparel,40.72789002,-74.01309967,España,581,7/17/2017 1:09,5,299.9500122,287.9500122,Southern Europe,COMPLETE,365,Perfect Fitness Perfect Rip Deck,59.99000168,7/19/2017 1:09,Standard Class
DEBIT,287.9500122,Shipping on time,Cleats,Consumer,TX,75217,Apparel,32.71303558,-96.69631958,Italia,4563,9/27/2015 6:48,5,299.9500122,287.9500122,Southern Europe,COMPLETE,365,Perfect Fitness Perfect Rip Deck,59.99000168,10/01/15 06:48,Standard Class
DEBIT,287.9500122,Late delivery,Cleats,Consumer,CA,90007,Apparel,33.99481583,-118.3429413,Francia,9096,9/13/2015 19:05,5,299.9500122,287.9500122,Western Europe,COMPLETE,365,Perfect Fitness Perfect Rip Deck,59.99000168,9/18/2015 19:05,Standard Class
DEBIT,287.9500122,Shipping on time,Cleats,Consumer,CO,80011,Apparel,39.74662018,-104.8164368,Francia,9813,10/10/15 04:51,5,299.9500122,287.9500122,Western Europe,COMPLETE,365,Perfect Fitness Perfect Rip Deck,59.99000168,10/14/2015 4:51,Standard Class
DEBIT,284.9500122,Late delivery,Cleats,Consumer,PA,19446,Apparel,40.24931717,-75.25538635,Reino Unido,4612,7/25/2017 10:15,5,299.9500122,284.9500122,Northern Europe,COMPLETE,365,Perfect Fitness Perfect Rip Deck,59.99000168,7/31/2017 10:15,Standard Class
DEBIT,284.9500122,Late delivery,Cleats,Consumer,NJ,8021,Apparel,39.81664658,-74.98467255,Francia,2492,08/05/17 16:01,5,299.9500122,284.9500122,Western Europe,COMPLETE,365,Perfect Fitness Perfect Rip Deck,59.99000168,08/11/17 16:01,Standard Class
DEBIT,283.4500122,Shipping on time,Cleats,Consumer,CA,92115,Apparel,32.75856018,-117.0881882,España,1445,8/28/2015 1:35,5,299.9500122,283.4500122,Southern Europe,COMPLETE,365,Perfect Fitness Perfect Rip Deck,59.99000168,09/01/15 01:35,Standard Class
DEBIT,283.4500122,Advance shipping,Cleats,Consumer,FL,32822,Apparel,28.48579979,-81.30467224,Austria,7327,09/09/17 20:41,5,299.9500122,283.4500122,Western Europe,COMPLETE,365,Perfect Fitness Perfect Rip Deck,59.99000168,09/11/17 20:41,Standard Class
DEBIT,283.4500122,Advance shipping,Cleats,Consumer,MI,48098,Apparel,42.5804596,-83.15601349,Alemania,8701,09/05/17 13:41,5,299.9500122,283.4500122,Western Europe,COMPLETE,365,Perfect Fitness Perfect Rip Deck,59.99000168,09/08/17 13:41,Standard Class
DEBIT,283.4500122,Late delivery,Cleats,Consumer,PA,17331,Apparel,39.79224014,-76.73596191,Francia,7783,7/13/2017 17:37,5,299.9500122,283.4500122,Western Europe,COMPLETE,365,Perfect Fitness Perfect Rip Deck,59.99000168,7/18/2017 17:37,Standard Class
DEBIT,283.4500122,Late delivery,Cleats,Consumer,VA,23452,Apparel,36.82411957,-76.12789154,Francia,5621,10/09/15 20:27,5,299.9500122,283.4500122,Western Europe,COMPLETE,365,Perfect Fitness Perfect Rip Deck,59.99000168,10/14/2015 20:27,Standard Class
DEBIT,278.9500122,Advance shipping,Cleats,Consumer,CA,90046,Apparel,34.09960938,-118.3507385,Rusia,5767,12/29/2016 22:27,5,299.9500122,278.9500122,Eastern Europe,COMPLETE,365,Perfect Fitness Perfect Rip Deck,59.99000168,12/31/2016 22:27,Standard Class
DEBIT,278.9500122,Late delivery,Cleats,Consumer,CA,93257,Apparel,36.05351639,-119.0251923,Italia,430,6/21/2015 11:50,5,299.9500122,278.9500122,Southern Europe,COMPLETE,365,Perfect Fitness Perfect Rip Deck,59.99000168,6/26/2015 11:50,Standard Class
DEBIT,272.9500122,Advance shipping,Cleats,Consumer,CA,90046,Apparel,34.09960938,-118.3507385,Rusia,5767,12/29/2016 22:27,5,299.9500122,272.9500122,Eastern Europe,COMPLETE,365,Perfect Fitness Perfect Rip Deck,59.99000168,12/31/2016 22:27,Standard Class
DEBIT,272.9500122,Advance shipping,Cleats,Consumer,AZ,85301,Apparel,33.53858185,-112.1873779,Francia,10132,09/02/15 17:52,5,299.9500122,272.9500122,Western Europe,COMPLETE,365,Perfect Fitness Perfect Rip Deck,59.99000168,09/05/15 17:52,Standard Class
DEBIT,272.9500122,Late delivery,Cleats,Consumer,CA,90638,Apparel,33.9031601,-117.9898758,Francia,7586,6/19/2017 3:17,5,299.9500122,272.9500122,Western Europe,COMPLETE,365,Perfect Fitness Perfect Rip Deck,59.99000168,6/24/2017 3:17,Standard Class
DEBIT,272.9500122,Advance shipping,Cleats,Consumer,IL,60641,Apparel,41.95346451,-87.73246002,Alemania,12350,7/16/2017 2:43,5,299.9500122,272.9500122,Western Europe,COMPLETE,365,Perfect Fitness Perfect Rip Deck,59.99000168,7/19/2017 2:43,Standard Class
DEBIT,269.9599915,Advance shipping,Cleats,Consumer,CA,95122,Apparel,37.3288765,-121.8501511,España,2256,9/16/2015 17:51,5,299.9500122,269.9599915,Southern Europe,COMPLETE,365,Perfect Fitness Perfect Rip Deck,59.99000168,9/18/2015 17:51,Standard Class
DEBIT,263.9599915,Late delivery,Cleats,Consumer,CA,92707,Apparel,33.66559982,-117.8830566,Reino Unido,6758,07/03/15 00:58,5,299.9500122,263.9599915,Northern Europe,COMPLETE,365,Perfect Fitness Perfect Rip Deck,59.99000168,07/09/15 00:58,Standard Class
DEBIT,263.9599915,Late delivery,Cleats,Consumer,NY,11746,Apparel,40.76157761,-73.97176361,Reino Unido,1045,7/25/2015 19:30,5,299.9500122,263.9599915,Northern Europe,COMPLETE,365,Perfect Fitness Perfect Rip Deck,59.99000168,7/31/2015 19:30,Standard Class
DEBIT,263.9599915,Shipping on time,Cleats,Consumer,CT,6082,Apparel,41.99694061,-72.59446716,Italia,5939,8/23/2015 23:29,5,299.9500122,263.9599915,Southern Europe,COMPLETE,365,Perfect Fitness Perfect Rip Deck,59.99000168,8/27/2015 23:29,Standard Class
DEBIT,263.9599915,Late delivery,Cleats,Consumer,ID,83642,Apparel,43.58177948,-116.3938828,Italia,9371,08/02/15 23:42,5,299.9500122,263.9599915,Southern Europe,COMPLETE,365,Perfect Fitness Perfect Rip Deck,59.99000168,08/08/15 23:42,Standard Class
DEBIT,263.9599915,Shipping on time,Cleats,Consumer,CA,93063,Apparel,34.26791382,-118.6712112,Austria,7492,8/31/2016 23:19,5,299.9500122,263.9599915,Western Europe,COMPLETE,365,Perfect Fitness Perfect Rip Deck,59.99000168,09/04/16 23:19,Standard Class
DEBIT,263.9599915,Late delivery,Cleats,Consumer,OR,97701,Apparel,44.07599258,-120.9686584,Países Bajos,11536,7/30/2017 12:52,5,299.9500122,263.9599915,Western Europe,COMPLETE,365,Perfect Fitness Perfect Rip Deck,59.99000168,08/05/17 12:52,Standard Class
DEBIT,263.9599915,Advance shipping,Cleats,Consumer,PA,19134,Apparel,39.98654556,-75.1084671,Francia,10129,06/04/15 12:23,5,299.9500122,263.9599915,Western Europe,COMPLETE,365,Perfect Fitness Perfect Rip Deck,59.99000168,06/06/15 12:23,Standard Class
DEBIT,260.9599915,Advance shipping,Cleats,Consumer,TX,78520,Apparel,26.01622772,-97.55728912,Polonia,7905,10/23/2016 3:06,5,299.9500122,260.9599915,Eastern Europe,COMPLETE,365,Perfect Fitness Perfect Rip Deck,59.99000168,10/25/2016 3:06,Standard Class
DEBIT,260.9599915,Late delivery,Cleats,Consumer,CA,91706,Apparel,34.06943131,-117.9799881,España,8674,8/14/2015 15:37,5,299.9500122,260.9599915,Southern Europe,COMPLETE,365,Perfect Fitness Perfect Rip Deck,59.99000168,8/19/2015 15:37,Standard Class
DEBIT,260.9599915,Shipping on time,Cleats,Consumer,OH,44035,Apparel,41.36125946,-82.11012268,Italia,1902,8/23/2015 21:44,5,299.9500122,260.9599915,Southern Europe,COMPLETE,365,Perfect Fitness Perfect Rip Deck,59.99000168,8/27/2015 21:44,Standard Class
DEBIT,260.9599915,Late delivery,Cleats,Consumer,CA,91766,Apparel,34.28066635,-119.2400665,Francia,2698,06/04/15 11:41,5,299.9500122,260.9599915,Western Europe,COMPLETE,365,Perfect Fitness Perfect Rip Deck,59.99000168,06/09/15 11:41,Standard Class
DEBIT,260.9599915,Advance shipping,Cleats,Consumer,IL,60657,Apparel,41.89517212,-87.73634338,Francia,1408,6/18/2017 3:28,5,299.9500122,260.9599915,Western Europe,COMPLETE,365,Perfect Fitness Perfect Rip Deck,59.99000168,6/20/2017 3:28,Standard Class
DEBIT,260.9599915,Late delivery,Cleats,Consumer,MD,21206,Apparel,39.13785553,-76.81587219,Alemania,10549,9/25/2017 2:06,5,299.9500122,260.9599915,Western Europe,COMPLETE,365,Perfect Fitness Perfect Rip Deck,59.99000168,9/30/2017 2:06,Standard Class
DEBIT,254.9600067,Shipping on time,Cleats,Consumer,CA,91709,Apparel,34.0086174,-117.7501831,Rusia,9172,01/08/17 10:52,5,299.9500122,254.9600067,Eastern Europe,COMPLETE,365,Perfect Fitness Perfect Rip Deck,59.99000168,01/12/17 10:52,Standard Class
DEBIT,254.9600067,Advance shipping,Cleats,Consumer,PA,19104,Apparel,39.95473099,-75.20536804,Polonia,3659,09/06/16 08:36,5,299.9500122,254.9600067,Eastern Europe,COMPLETE,365,Perfect Fitness Perfect Rip Deck,59.99000168,09/09/16 08:36,Standard Class
DEBIT,254.9600067,Shipping on time,Cleats,Consumer,CA,93003,Apparel,34.2395134,-119.1972198,Reino Unido,10827,7/17/2015 11:06,5,299.9500122,254.9600067,Northern Europe,COMPLETE,365,Perfect Fitness Perfect Rip Deck,59.99000168,7/21/2015 11:06,Standard Class
DEBIT,254.9600067,Late delivery,Cleats,Consumer,IL,60187,Apparel,41.88359833,-88.10980988,Reino Unido,9146,9/22/2015 17:08,5,299.9500122,254.9600067,Northern Europe,COMPLETE,365,Perfect Fitness Perfect Rip Deck,59.99000168,9/28/2015 17:08,Standard Class
DEBIT,254.9600067,Late delivery,Cleats,Consumer,NJ,7093,Apparel,40.7571907,-74.02506256,Reino Unido,20,08/10/15 20:32,5,299.9500122,254.9600067,Northern Europe,COMPLETE,365,Perfect Fitness Perfect Rip Deck,59.99000168,8/15/2015 20:32,Standard Class
DEBIT,254.9600067,Late delivery,Cleats,Consumer,TX,79109,Apparel,35.18754196,-101.8676224,Francia,8391,9/25/2017 0:21,5,299.9500122,254.9600067,Western Europe,COMPLETE,365,Perfect Fitness Perfect Rip Deck,59.99000168,9/30/2017 0:21,Standard Class
DEBIT,251.9600067,Late delivery,Cleats,Consumer,CA,93063,Apparel,34.26791382,-118.6712112,Rusia,7492,11/15/2016 0:26,5,299.9500122,251.9600067,Eastern Europe,COMPLETE,365,Perfect Fitness Perfect Rip Deck,59.99000168,11/20/2016 0:26,Standard Class
DEBIT,251.9600067,Advance shipping,Cleats,Consumer,CA,92024,Apparel,33.04647064,-117.2896729,Reino Unido,11510,7/23/2017 2:53,5,299.9500122,251.9600067,Northern Europe,COMPLETE,365,Perfect Fitness Perfect Rip Deck,59.99000168,7/26/2017 2:53,Standard Class
DEBIT,251.9600067,Late delivery,Cleats,Consumer,MO,63031,Apparel,38.79660034,-90.34640503,Reino Unido,9500,09/05/15 16:38,5,299.9500122,251.9600067,Northern Europe,COMPLETE,365,Perfect Fitness Perfect Rip Deck,59.99000168,09/10/15 16:38,Standard Class
DEBIT,248.9600067,Late delivery,Cleats,Consumer,NJ,8753,Apparel,40.04056168,-74.15887451,España,10821,9/22/2015 11:53,5,299.9500122,248.9600067,Southern Europe,COMPLETE,365,Perfect Fitness Perfect Rip Deck,59.99000168,9/28/2015 11:53,Standard Class
DEBIT,248.9600067,Late delivery,Cleats,Consumer,HI,96822,Apparel,21.30562019,-157.8386993,Francia,4727,08/01/15 07:03,5,299.9500122,248.9600067,Western Europe,COMPLETE,365,Perfect Fitness Perfect Rip Deck,59.99000168,08/06/15 07:03,Standard Class
DEBIT,248.9600067,Advance shipping,Cleats,Consumer,IL,60622,Apparel,41.89614868,-87.67932892,Francia,10647,7/24/2015 5:19,5,299.9500122,248.9600067,Western Europe,COMPLETE,365,Perfect Fitness Perfect Rip Deck,59.99000168,7/26/2015 5:19,Standard Class
TRANSFER,41.47999954,Advance shipping,Accessories,Corporate,CA,95822,Outdoors,38.49541855,-121.479187,Chile,7141,1/14/2015 5:03,2,49.97999954,41.47999954,South America,PROCESSING,886,Team Golf San Francisco Giants Putter Grip,24.98999977,1/16/2015 5:03,Standard Class
TRANSFER,26.21999931,Late delivery,Trade-In,Corporate,MD,20744,Outdoors,38.74266434,-76.9917984,Cuba,6172,3/21/2015 23:11,2,31.97999954,26.21999931,Caribbean,PROCESSING,926,Glove It Imperial Golf Towel,15.98999977,3/26/2015 23:11,Standard Class
TRANSFER,51.18000031,Advance shipping,Electronics,Corporate,CA,90805,Outdoors,33.85414505,-118.191597,México,2741,1/20/2017 5:57,2,63.97999954,51.18000031,Central America,PROCESSING,828,Bridgestone e6 Straight Distance NFL San Dieg,31.98999977,1/22/2017 5:57,Standard Class
TRANSFER,189.9799957,Shipping canceled,Cardio Equipment,Corporate,MI,48192,Footwear,42.20660782,-83.1534729,Brasil,1180,5/28/2015 15:44,2,199.9799957,189.9799957,South America,SUSPECTED_FRAUD,191,Nike Men's Free 5.0+ Running Shoe,99.98999786,5/30/2015 15:44,Standard Class
TRANSFER,185.9799957,Shipping canceled,Cardio Equipment,Corporate,NJ,7104,Footwear,40.75481033,-74.1746521,Honduras,6875,1/26/2015 14:51,2,199.9799957,185.9799957,Central America,SUSPECTED_FRAUD,191,Nike Men's Free 5.0+ Running Shoe,99.98999786,1/28/2015 14:51,Standard Class
TRANSFER,173.9799957,Shipping canceled,Cardio Equipment,Corporate,NY,11204,Footwear,40.63687897,-73.94221497,Brasil,10864,5/27/2015 4:00,2,199.9799957,173.9799957,South America,SUSPECTED_FRAUD,191,Nike Men's Free 5.0+ Running Shoe,99.98999786,06/01/15 04:00,Standard Class
TRANSFER,167.9799957,Shipping canceled,Cardio Equipment,Corporate,HI,96789,Footwear,21.45325851,-158.0102234,Honduras,242,1/30/2015 1:11,2,199.9799957,167.9799957,Central America,SUSPECTED_FRAUD,191,Nike Men's Free 5.0+ Running Shoe,99.98999786,02/01/15 01:11,Standard Class
TRANSFER,105.5800018,Shipping canceled,Cleats,Corporate,NY,10011,Apparel,40.73928452,-73.99893189,Guatemala,9002,02/05/17 20:17,2,119.9800034,105.5800018,Central America,SUSPECTED_FRAUD,365,Perfect Fitness Perfect Rip Deck,59.99000168,02/09/17 20:17,Standard Class
TRANSFER,104.3799973,Shipping canceled,Cleats,Corporate,NY,10011,Apparel,40.73928452,-73.99893189,Guatemala,9002,02/05/17 20:17,2,119.9800034,104.3799973,Central America,SUSPECTED_FRAUD,365,Perfect Fitness Perfect Rip Deck,59.99000168,02/09/17 20:17,Standard Class
TRANSFER,104.3799973,Shipping canceled,Cleats,Corporate,NY,11221,Apparel,40.66544724,-73.94540405,México,9145,02/04/15 00:39,2,119.9800034,104.3799973,Central America,SUSPECTED_FRAUD,365,Perfect Fitness Perfect Rip Deck,59.99000168,02/07/15 00:39,Standard Class
TRANSFER,99,Shipping canceled,Women's Apparel,Corporate,OH,45140,Golf,39.27096558,-84.272995,Brasil,7887,5/30/2015 23:47,2,100,99,South America,SUSPECTED_FRAUD,502,Nike Men's Dri-FIT Victory Golf Polo,50,06/01/15 23:47,Standard Class
TRANSFER,98,Shipping canceled,Women's Apparel,Corporate,IL,60426,Golf,40.13446808,-87.610672,Brasil,2817,02/12/15 11:30,2,100,98,South America,SUSPECTED_FRAUD,502,Nike Men's Dri-FIT Victory Golf Polo,50,2/14/2015 11:30,Standard Class
TRANSFER,75.98000336,Shipping canceled,Shop By Sport,Corporate,MN,55124,Golf,44.72552109,-93.20613098,Brasil,2013,2/20/2017 22:54,2,79.98000336,75.98000336,South America,SUSPECTED_FRAUD,627,Under Armour Girls' Toddler Spine Surge Runni,39.99000168,2/24/2017 22:54,Standard Class
TRANSFER,80,Shipping canceled,Women's Apparel,Corporate,MN,55124,Golf,44.72552109,-93.20613098,Brasil,2013,2/20/2017 22:54,2,100,80,South America,SUSPECTED_FRAUD,502,Nike Men's Dri-FIT Victory Golf Polo,50,2/24/2017 22:54,Standard Class
TRANSFER,119.9800034,Shipping canceled,Cleats,Corporate,AZ,85224,Apparel,33.3060379,-111.8926315,China,5920,01/10/16 23:18,2,119.9800034,119.9800034,Eastern Asia,CANCELED,365,Perfect Fitness Perfect Rip Deck,59.99000168,1/14/2016 23:18,Standard Class
TRANSFER,111.5800018,Shipping canceled,Cleats,Corporate,HI,96706,Apparel,21.33713913,-158.0259857,Turquía,5674,12/15/2016 14:24,2,119.9800034,111.5800018,West Asia,CANCELED,365,Perfect Fitness Perfect Rip Deck,59.99000168,12/20/2016 14:24,Standard Class
TRANSFER,89.98999786,Shipping canceled,Cleats,Corporate,AZ,85224,Apparel,33.3060379,-111.8926315,China,5920,01/10/16 23:18,2,119.9800034,89.98999786,Eastern Asia,CANCELED,365,Perfect Fitness Perfect Rip Deck,59.99000168,1/14/2016 23:18,Standard Class
TRANSFER,90,Shipping canceled,Women's Apparel,Corporate,WI,54935,Golf,43.97969818,-88.53061676,Turquía,11012,11/27/2016 22:08,2,100,90,West Asia,CANCELED,502,Nike Men's Dri-FIT Victory Golf Polo,50,12/01/16 22:08,Standard Class
TRANSFER,47.22999954,Shipping canceled,Accessories,Corporate,OH,45011,Outdoors,39.32382965,-84.46369171,Israel,6508,10/23/2016 19:55,2,49.97999954,47.22999954,West Asia,CANCELED,906,Team Golf Tennessee Volunteers Putter Grip,24.98999977,10/28/2016 19:55,Standard Class
TRANSFER,199.9799957,Advance shipping,Cardio Equipment,Corporate,PA,17055,Footwear,40.21145248,-77.0072937,Kazajistán,8995,9/27/2016 6:59,2,199.9799957,199.9799957,Central Asia,PENDING,191,Nike Men's Free 5.0+ Running Shoe,99.98999786,9/29/2016 6:59,Standard Class
TRANSFER,108.8399963,Shipping on time,Boxing & MMA,Corporate,CA,93063,Footwear,34.26791382,-118.6712112,Indonesia,9507,11/24/2015 23:11,2,109.9400024,108.8399963,Southeast Asia,PENDING,249,Under Armour Women's Micro G Skulpt Running S,54.97000122,11/28/2015 23:11,Standard Class
TRANSFER,197.9799957,Late delivery,Cardio Equipment,Corporate,LA,70570,Footwear,30.61235046,-92.12638855,Indonesia,11056,03/12/16 03:56,2,199.9799957,197.9799957,Southeast Asia,PENDING,191,Nike Men's Free 5.0+ Running Shoe,99.98999786,3/18/2016 3:56,Standard Class
TRANSFER,195.9799957,Advance shipping,Cardio Equipment,Corporate,HI,96734,Footwear,21.40107918,-157.7463837,Australia,10558,11/06/15 09:54,2,199.9799957,195.9799957,Oceania,PENDING,191,Nike Men's Free 5.0+ Running Shoe,99.98999786,11/09/15 09:54,Standard Class
TRANSFER,195.9799957,Advance shipping,Cardio Equipment,Corporate,VA,23503,Footwear,36.94200516,-76.24208069,Vietnam,6707,11/21/2015 22:40,2,199.9799957,195.9799957,Southeast Asia,PENDING,191,Nike Men's Free 5.0+ Running Shoe,99.98999786,11/23/2015 22:40,Standard Class
TRANSFER,181.9799957,Shipping on time,Cardio Equipment,Corporate,VA,22193,Footwear,37.16918945,-76.54801178,India,4029,12/29/2015 18:45,2,199.9799957,181.9799957,South Asia,PENDING,191,Nike Men's Free 5.0+ Running Shoe,99.98999786,01/02/16 18:45,Standard Class
TRANSFER,173.9799957,Late delivery,Cardio Equipment,Corporate,IL,60126,Footwear,39.75626755,-89.69435883,Filipinas,2189,12/11/15 06:31,2,199.9799957,173.9799957,Southeast Asia,PENDING,191,Nike Men's Free 5.0+ Running Shoe,99.98999786,12/17/2015 6:31,Standard Class
TRANSFER,163.9799957,Shipping on time,Cardio Equipment,Corporate,MI,48205,Footwear,42.42877197,-82.98252869,Nueva Zelanda,1865,3/27/2016 23:22,2,199.9799957,163.9799957,Oceania,PENDING,191,Nike Men's Free 5.0+ Running Shoe,99.98999786,3/31/2016 23:22,Standard Class
TRANSFER,82.45999908,Shipping on time,Boxing & MMA,Corporate,CO,80013,Footwear,39.49591446,-98.98998261,China,9345,12/19/2015 1:15,2,109.9400024,82.45999908,Eastern Asia,PENDING,249,Under Armour Women's Micro G Skulpt Running S,54.97000122,12/23/2015 1:15,Standard Class
TRANSFER,47.99000168,Advance shipping,Electronics,Corporate,AZ,85033,Footwear,33.4926796,-112.2088623,Irán,9356,09/09/16 06:40,2,63.97999954,47.99000168,South Asia,PENDING,282,Under Armour Women's Ignite PIP VI Slide,31.98999977,09/12/16 06:40,Standard Class
TRANSFER,115.1800003,Advance shipping,Cleats,Corporate,HI,96734,Apparel,21.40107918,-157.7463837,Australia,10558,11/06/15 09:54,2,119.9800034,115.1800003,Oceania,PENDING,365,Perfect Fitness Perfect Rip Deck,59.99000168,11/09/15 09:54,Standard Class
TRANSFER,113.9800034,Advance shipping,Cleats,Corporate,MD,20783,Apparel,38.98765183,-76.98097229,Corea del Sur,5821,11/13/2015 17:04,2,119.9800034,113.9800034,Eastern Asia,PENDING,365,Perfect Fitness Perfect Rip Deck,59.99000168,11/16/2015 17:04,Standard Class
TRANSFER,113.3799973,Advance shipping,Cleats,Corporate,TX,77479,Apparel,29.54194069,-95.60385132,India,532,11/13/2015 14:58,2,119.9800034,113.3799973,South Asia,PENDING,365,Perfect Fitness Perfect Rip Deck,59.99000168,11/15/2015 14:58,Standard Class
TRANSFER,99.58000183,Shipping on time,Cleats,Corporate,OH,44035,Apparel,41.36125946,-82.11012268,Australia,8977,12/15/2015 13:10,2,119.9800034,99.58000183,Oceania,PENDING,365,Perfect Fitness Perfect Rip Deck,59.99000168,12/19/2015 13:10,Standard Class
TRANSFER,98.37999725,Late delivery,Cleats,Corporate,NC,27606,Apparel,35.78998184,-78.61327362,Australia,4117,3/17/2016 0:57,2,119.9800034,98.37999725,Oceania,PENDING,365,Perfect Fitness Perfect Rip Deck,59.99000168,3/22/2016 0:57,Standard Class
TRANSFER,98.37999725,Advance shipping,Cleats,Corporate,OH,45601,Apparel,39.33096314,-82.97971344,Filipinas,3985,03/12/16 00:47,2,119.9800034,98.37999725,Southeast Asia,PENDING,365,Perfect Fitness Perfect Rip Deck,59.99000168,3/14/2016 0:47,Standard Class
TRANSFER,89.98999786,Advance shipping,Cleats,Corporate,VA,23503,Apparel,36.94200516,-76.24208069,Vietnam,6707,11/21/2015 22:40,2,119.9800034,89.98999786,Southeast Asia,PENDING,365,Perfect Fitness Perfect Rip Deck,59.99000168,11/23/2015 22:40,Standard Class
TRANSFER,98,Late delivery,Women's Apparel,Corporate,NJ,7305,Golf,40.70602036,-74.08685303,China,3586,10/28/2015 14:38,2,100,98,Eastern Asia,PENDING,502,Nike Men's Dri-FIT Victory Golf Polo,50,11/02/15 14:38,Standard Class
TRANSFER,98,Advance shipping,Women's Apparel,Corporate,CA,91304,Golf,38.6803894,-120.9727783,Tailandia,9001,2/29/2016 21:07,2,100,98,Southeast Asia,PENDING,502,Nike Men's Dri-FIT Victory Golf Polo,50,03/03/16 21:07,Standard Class
TRANSFER,96,Shipping on time,Women's Apparel,Corporate,TX,79109,Golf,35.22186661,-101.8741608,Corea del Sur,10678,11/13/2015 17:25,2,100,96,Eastern Asia,PENDING,502,Nike Men's Dri-FIT Victory Golf Polo,50,11/17/2015 17:25,Standard Class
TRANSFER,96,Shipping on time,Women's Apparel,Corporate,MI,49201,Golf,42.15800095,-84.4278183,Australia,1664,11/02/15 08:09,2,100,96,Oceania,PENDING,502,Nike Men's Dri-FIT Victory Golf Polo,50,11/06/15 08:09,Standard Class
TRANSFER,74.37999725,Late delivery,Shop By Sport,Corporate,CA,92553,Golf,33.92366028,-117.2291946,China,11882,3/13/2016 7:37,2,79.98000336,74.37999725,Eastern Asia,PENDING,627,Under Armour Girls' Toddler Spine Surge Runni,39.99000168,3/18/2016 7:37,Standard Class
TRANSFER,74.37999725,Advance shipping,Girls' Apparel,Corporate,IL,60624,Golf,41.8728714,-87.71582031,Turquía,4808,10/20/2016 17:17,2,79.98000336,74.37999725,West Asia,PENDING,572,TYR Boys' Team Digi Jammer,39.99000168,10/22/2016 17:17,Standard Class
TRANSFER,88,Advance shipping,Women's Apparel,Corporate,LA,70119,Golf,29.9740696,-90.087883,Australia,10201,1/28/2016 5:45,2,100,88,Oceania,PENDING,502,Nike Men's Dri-FIT Victory Golf Polo,50,1/30/2016 5:45,Standard Class
TRANSFER,69.58000183,Advance shipping,Shop By Sport,Corporate,TX,78586,Golf,26.140728,-97.66805267,Australia,2292,12/13/2015 16:40,2,79.98000336,69.58000183,Oceania,PENDING,627,Under Armour Girls' Toddler Spine Surge Runni,39.99000168,12/15/2015 16:40,Standard Class
TRANSFER,67.98000336,Advance shipping,Shop By Sport,Corporate,CA,90024,Golf,34.04558563,-118.2479172,Australia,11675,11/27/2015 1:38,2,79.98000336,67.98000336,Oceania,PENDING,627,Under Armour Girls' Toddler Spine Surge Runni,39.99000168,11/30/2015 1:38,Standard Class
TRANSFER,84,Advance shipping,Women's Apparel,Corporate,NY,11203,Golf,40.64674377,-73.94338989,Indonesia,1144,03/11/16 21:38,2,100,84,Southeast Asia,PENDING,502,Nike Men's Dri-FIT Victory Golf Polo,50,3/14/2016 21:38,Standard Class
TRANSFER,83,Late delivery,Women's Apparel,Corporate,DE,19720,Golf,39.28265762,-77.4777832,China,640,10/30/2015 23:03,2,100,83,Eastern Asia,PENDING,502,Nike Men's Dri-FIT Victory Golf Polo,50,11/05/15 23:03,Standard Class
TRANSFER,83,Advance shipping,Women's Apparel,Corporate,PA,17331,Golf,39.80402374,-76.97429657,China,8612,3/17/2016 19:31,2,100,83,Eastern Asia,PENDING,502,Nike Men's Dri-FIT Victory Golf Polo,50,3/20/2016 19:31,Standard Class
TRANSFER,65.58000183,Advance shipping,Shop By Sport,Corporate,HI,96817,Golf,21.32156754,-157.8721771,Australia,4402,3/31/2016 14:15,2,79.98000336,65.58000183,Oceania,PENDING,627,Under Armour Girls' Toddler Spine Surge Runni,39.99000168,04/02/16 14:15,Standard Class
TRANSFER,63.97999954,Advance shipping,Electronics,Corporate,NJ,7003,Outdoors,40.79833603,-74.19944,Pakistán,3815,1/30/2016 5:24,2,63.97999954,63.97999954,South Asia,PENDING,825,Bridgestone e6 Straight Distance NFL Tennesse,31.98999977,02/02/16 05:24,Standard Class
TRANSFER,95.98000336,Shipping on time,Electronics,Corporate,NM,87105,Outdoors,35.06517029,-106.6699524,Turquía,10834,11/03/16 13:04,2,95.98000336,95.98000336,West Asia,PENDING,822,Titleist Pro V1x High Numbers Golf Balls,47.99000168,11/07/16 13:04,Standard Class
TRANSFER,39.18000031,Advance shipping,Golf Balls,Corporate,NJ,7003,Outdoors,40.79833603,-74.19944,Pakistán,3815,1/30/2016 5:24,2,39.97999954,39.18000031,South Asia,PENDING,810,Glove It Women's Mod Oval Golf Glove,19.98999977,02/02/16 05:24,Standard Class
TRANSFER,36.38000107,Late delivery,Golf Balls,Corporate,DE,19720,Outdoors,39.28265762,-77.4777832,China,640,10/30/2015 23:03,2,39.97999954,36.38000107,Eastern Asia,PENDING,804,Glove It Women's Imperial Golf Glove,19.98999977,11/05/15 23:03,Standard Class
TRANSFER,33.58000183,Shipping on time,Golf Balls,Corporate,CO,80013,Outdoors,39.49591446,-98.98998261,China,9345,12/19/2015 1:15,2,39.97999954,33.58000183,Eastern Asia,PENDING,810,Glove It Women's Mod Oval Golf Glove,19.98999977,12/23/2015 1:15,Standard Class
TRANSFER,76.77999878,Advance shipping,Electronics,Corporate,TX,77479,Outdoors,29.54194069,-95.60385132,India,532,11/13/2015 14:58,2,95.98000336,76.77999878,South Asia,PENDING,818,Titleist Pro V1x Golf Balls,47.99000168,11/15/2015 14:58,Standard Class
TRANSFER,119.9800034,Late delivery,Baseball & Softball,Corporate,CA,90001,Fitness,33.96017456,-118.2632217,Indonesia,3554,1/22/2016 23:17,2,119.9800034,119.9800034,Southeast Asia,PROCESSING,44,adidas Men's F10 Messi TRX FG Soccer Cleat,59.99000168,1/28/2016 23:17,Standard Class
TRANSFER,195.9799957,Shipping on time,Cardio Equipment,Corporate,CA,90630,Footwear,35.57210541,-120.9117966,Mongolia,10219,9/26/2016 12:25,2,199.9799957,195.9799957,Eastern Asia,PROCESSING,191,Nike Men's Free 5.0+ Running Shoe,99.98999786,9/30/2016 12:25,Standard Class
TRANSFER,193.9799957,Shipping on time,Cardio Equipment,Corporate,CA,90630,Footwear,35.57210541,-120.9117966,Mongolia,10219,9/26/2016 12:25,2,199.9799957,193.9799957,Eastern Asia,PROCESSING,191,Nike Men's Free 5.0+ Running Shoe,99.98999786,9/30/2016 12:25,Standard Class
TRANSFER,52.90000153,Late delivery,Electronics,Corporate,LA,70117,Footwear,29.96774292,-90.03494263,Nueva Zelanda,11730,3/28/2016 12:19,2,55.97999954,52.90000153,Oceania,PROCESSING,273,Under Armour Kids' Mercenary Slide,27.98999977,04/03/16 12:19,Standard Class
TRANSFER,173.9799957,Shipping on time,Cardio Equipment,Corporate,NY,11229,Footwear,40.60237885,-73.95497131,Australia,4756,12/02/15 13:22,2,199.9799957,173.9799957,Oceania,PROCESSING,191,Nike Men's Free 5.0+ Running Shoe,99.98999786,12/06/15 13:22,Standard Class
TRANSFER,169.9799957,Shipping on time,Cardio Equipment,Corporate,NY,12550,Footwear,41.50205994,-74.01177216,China,7229,3/13/2016 19:32,2,199.9799957,169.9799957,Eastern Asia,PROCESSING,191,Nike Men's Free 5.0+ Running Shoe,99.98999786,3/17/2016 19:32,Standard Class
TRANSFER,165.9799957,Shipping on time,Cardio Equipment,Corporate,NY,10040,Footwear,40.85889053,-73.93106842,Japón,7963,2/22/2016 0:17,2,199.9799957,165.9799957,Eastern Asia,PROCESSING,191,Nike Men's Free 5.0+ Running Shoe,99.98999786,2/26/2016 0:17,Standard Class
TRANSFER,165.9799957,Late delivery,Cardio Equipment,Corporate,LA,70117,Footwear,29.96774292,-90.03494263,Nueva Zelanda,11730,3/28/2016 12:19,2,199.9799957,165.9799957,Oceania,PROCESSING,191,Nike Men's Free 5.0+ Running Shoe,99.98999786,04/03/16 12:19,Standard Class
TRANSFER,165.9799957,Shipping on time,Cardio Equipment,Corporate,TX,79109,Footwear,35.18754196,-101.8676224,Filipinas,4464,10/31/2015 5:21,2,199.9799957,165.9799957,Southeast Asia,PROCESSING,191,Nike Men's Free 5.0+ Running Shoe,99.98999786,11/04/15 05:21,Standard Class
TRANSFER,159.9799957,Late delivery,Cardio Equipment,Corporate,MI,49201,Footwear,42.20007706,-84.43824005,Irak,5429,9/29/2016 0:41,2,199.9799957,159.9799957,West Asia,PROCESSING,191,Nike Men's Free 5.0+ Running Shoe,99.98999786,10/05/16 00:41,Standard Class
TRANSFER,149.9900055,Advance shipping,Cardio Equipment,Corporate,LA,70072,Footwear,29.89742088,-90.10965729,China,1383,12/16/2015 20:21,2,199.9799957,149.9900055,Eastern Asia,PROCESSING,191,Nike Men's Free 5.0+ Running Shoe,99.98999786,12/19/2015 20:21,Standard Class
TRANSFER,119.9800034,Advance shipping,Cleats,Corporate,TX,75052,Apparel,32.6425972,-97.02174377,India,3153,11/03/15 18:29,2,119.9800034,119.9800034,South Asia,PROCESSING,365,Perfect Fitness Perfect Rip Deck,59.99000168,11/05/15 18:29,Standard Class
TRANSFER,118.7799988,Late delivery,Cleats,Corporate,NY,10467,Apparel,40.89811325,-73.85901642,Pakistán,11357,1/30/2016 4:42,2,119.9800034,118.7799988,South Asia,PROCESSING,365,Perfect Fitness Perfect Rip Deck,59.99000168,02/05/16 04:42,Standard Class
TRANSFER,116.3799973,Advance shipping,Cleats,Corporate,CO,80631,Apparel,40.41231918,-104.6923523,Filipinas,4700,01/09/16 18:34,2,119.9800034,116.3799973,Southeast Asia,PROCESSING,365,Perfect Fitness Perfect Rip Deck,59.99000168,01/11/16 18:34,Standard Class
TRANSFER,113.9800034,Late delivery,Cleats,Corporate,GA,30080,Apparel,33.08282852,-82.9998703,Nueva Zelanda,1975,3/18/2016 19:21,2,119.9800034,113.9800034,Oceania,PROCESSING,365,Perfect Fitness Perfect Rip Deck,59.99000168,3/24/2016 19:21,Standard Class
TRANSFER,113.3799973,Late delivery,Cleats,Corporate,CA,91790,Apparel,34.0700798,-117.9371948,India,6187,03/03/16 06:14,2,119.9800034,113.3799973,South Asia,PROCESSING,365,Perfect Fitness Perfect Rip Deck,59.99000168,03/09/16 06:14,Standard Class
TRANSFER,109.1800003,Late delivery,Cleats,Corporate,IL,60617,Apparel,41.89603806,-87.67301941,Nueva Zelanda,12205,04/01/16 10:34,2,119.9800034,109.1800003,Oceania,PROCESSING,365,Perfect Fitness Perfect Rip Deck,59.99000168,04/06/16 10:34,Standard Class
TRANSFER,100.7799988,Late delivery,Cleats,Corporate,IL,60609,Apparel,41.80830002,-87.66905975,Pakistán,4862,12/29/2015 7:12,2,119.9800034,100.7799988,South Asia,PROCESSING,365,Perfect Fitness Perfect Rip Deck,59.99000168,01/04/16 07:12,Standard Class
TRANSFER,100.7799988,Advance shipping,Cleats,Corporate,TX,76180,Apparel,32.84292221,-97.22615814,India,6180,1/13/2016 7:00,2,119.9800034,100.7799988,South Asia,PROCESSING,365,Perfect Fitness Perfect Rip Deck,59.99000168,1/16/2016 7:00,Standard Class
TRANSFER,99.58000183,Late delivery,Cleats,Corporate,CA,92504,Apparel,33.96971512,-117.3822708,Turquía,11977,09/07/16 08:04,2,119.9800034,99.58000183,West Asia,PROCESSING,365,Perfect Fitness Perfect Rip Deck,59.99000168,09/12/16 08:04,Standard Class
TRANSFER,89.98999786,Advance shipping,Cleats,Corporate,CA,92111,Apparel,32.7794342,-117.1718597,Irán,10126,10/19/2016 9:45,2,119.9800034,89.98999786,South Asia,PROCESSING,365,Perfect Fitness Perfect Rip Deck,59.99000168,10/21/2016 9:45,Standard Class
TRANSFER,79.18000031,Shipping on time,Shop By Sport,Corporate,FL,33165,Golf,25.74022484,-80.36169434,Kazajistán,1880,10/31/2016 11:30,2,79.98000336,79.18000031,Central Asia,PROCESSING,627,Under Armour Girls' Toddler Spine Surge Runni,39.99000168,11/04/16 11:30,Standard Class
TRANSFER,98,Late delivery,Women's Apparel,Corporate,MI,48192,Golf,42.23049164,-83.1519165,Filipinas,8747,11/02/15 12:00,2,100,98,Southeast Asia,PROCESSING,502,Nike Men's Dri-FIT Victory Golf Polo,50,11/07/15 12:00,Standard Class
TRANSFER,98,Late delivery,Women's Apparel,Corporate,OH,44109,Golf,41.41943359,-81.68500519,Filipinas,11252,12/09/15 12:08,2,100,98,Southeast Asia,PROCESSING,502,Nike Men's Dri-FIT Victory Golf Polo,50,12/14/2015 12:08,Standard Class
TRANSFER,98,Advance shipping,Women's Apparel,Corporate,TX,77093,Golf,29.76576996,-95.37227631,Emiratos Árabes Unidos,5598,10/08/16 21:31,2,100,98,West Asia,PROCESSING,502,Nike Men's Dri-FIT Victory Golf Polo,50,10/10/16 21:31,Standard Class
TRANSFER,77.58000183,Advance shipping,Shop By Sport,Corporate,CO,80126,Golf,39.522995,-104.9482193,China,1067,02/08/16 13:37,2,79.98000336,77.58000183,Eastern Asia,PROCESSING,627,Under Armour Girls' Toddler Spine Surge Runni,39.99000168,02/11/16 13:37,Standard Class
TRANSFER,77.58000183,Shipping on time,Shop By Sport,Corporate,CO,80501,Golf,40.1901207,-105.1010666,Corea del Sur,8681,12/30/2015 3:31,2,79.98000336,77.58000183,Eastern Asia,PROCESSING,627,Under Armour Girls' Toddler Spine Surge Runni,39.99000168,01/03/16 03:31,Standard Class
TRANSFER,77.58000183,Advance shipping,Shop By Sport,Corporate,CA,95822,Golf,38.49541855,-121.479187,Turquía,10884,09/07/16 07:22,2,79.98000336,77.58000183,West Asia,PROCESSING,627,Under Armour Girls' Toddler Spine Surge Runni,39.99000168,09/10/16 07:22,Standard Class
TRANSFER,97,Advance shipping,Women's Apparel,Corporate,NY,11207,Golf,40.66577148,-73.89246368,Turquía,8850,11/08/16 07:59,2,100,97,West Asia,PROCESSING,502,Nike Men's Dri-FIT Victory Golf Polo,50,11/10/16 07:59,Standard Class
TRANSFER,57,Late delivery,Girls' Apparel,Corporate,MI,48192,Golf,42.23049164,-83.1519165,Filipinas,8747,11/02/15 12:00,2,60,57,Southeast Asia,PROCESSING,564,Nike Men's Deutschland Weltmeister Winners Bl,30,11/07/15 12:00,Standard Class
TRANSFER,94.5,Late delivery,Women's Apparel,Corporate,VA,23320,Golf,36.7805481,-76.2246933,Kazajistán,5316,12/13/2016 23:52,2,100,94.5,Central Asia,PROCESSING,502,Nike Men's Dri-FIT Victory Golf Polo,50,12/18/2016 23:52,Standard Class
TRANSFER,91,Advance shipping,Women's Apparel,Corporate,MD,20783,Golf,38.98765183,-76.98097229,China,5821,11/25/2015 3:44,2,100,91,Eastern Asia,PROCESSING,502,Nike Men's Dri-FIT Victory Golf Polo,50,11/27/2015 3:44,Standard Class
TRANSFER,72.77999878,Shipping on time,Shop By Sport,Corporate,CO,80110,Golf,39.62960815,-104.9947433,Australia,1801,3/24/2016 7:46,2,79.98000336,72.77999878,Oceania,PROCESSING,627,Under Armour Girls' Toddler Spine Surge Runni,39.99000168,3/28/2016 7:46,Standard Class
TRANSFER,87,Shipping on time,Women's Apparel,Corporate,IL,60004,Golf,42.13397598,-87.98233032,Nueva Zelanda,4627,3/28/2016 18:38,2,100,87,Oceania,PROCESSING,502,Nike Men's Dri-FIT Victory Golf Polo,50,04/01/16 18:38,Standard Class
TRANSFER,87,Late delivery,Women's Apparel,Corporate,NY,10467,Golf,40.89811325,-73.85901642,Pakistán,11357,1/30/2016 4:42,2,100,87,South Asia,PROCESSING,502,Nike Men's Dri-FIT Victory Golf Polo,50,02/05/16 04:42,Standard Class
CASH,314.6400146,Shipping on time,Sporting Goods,Home Office,FL,33624,Fitness,28.10211754,-82.51211548,Australia,19349,01/11/18 10:21,1,327.75,314.6400146,Oceania,CLOSED,1360,Smart watch ,327.75,1/13/2018 10:21,Second Class
DEBIT,311.3599854,Late delivery,Sporting Goods,Corporate,TX,78586,Fitness,26.140728,-97.66805267,Australia,19348,01/11/18 10:00,1,327.75,311.3599854,Oceania,COMPLETE,1360,Smart watch ,327.75,1/17/2018 10:00,Standard Class
PAYMENT,304.8099976,Shipping on time,Sporting Goods,Corporate,IN,46226,Fitness,39.83699036,-86.01907349,China,19346,01/11/18 09:18,1,327.75,304.8099976,Eastern Asia,PENDING_PAYMENT,1360,Smart watch ,327.75,1/15/2018 9:18,Standard Class
TRANSFER,294.980011,Shipping on time,Sporting Goods,Consumer,CT,6082,Fitness,42.00019074,-72.59646606,China,19344,01/11/18 08:36,1,327.75,294.980011,Eastern Asia,PENDING,1360,Smart watch ,327.75,1/13/2018 8:36,Second Class
TRANSFER,285.1400146,Late delivery,Sporting Goods,Corporate,CA,90043,Fitness,33.98547363,-118.3382416,China,19342,01/11/18 07:54,1,327.75,285.1400146,Eastern Asia,PROCESSING,1360,Smart watch ,327.75,1/13/2018 7:54,First Class
CASH,275.3099976,Late delivery,Sporting Goods,Corporate,CA,95351,Fitness,37.61849976,-121.0116348,China,19340,01/11/18 07:12,1,327.75,275.3099976,Eastern Asia,CLOSED,1360,Smart watch ,327.75,1/13/2018 7:12,First Class
DEBIT,268.7600098,Late delivery,Sporting Goods,Corporate,NJ,7111,Fitness,40.73097992,-74.22322846,India,19338,01/11/18 06:30,1,327.75,268.7600098,South Asia,COMPLETE,1360,Smart watch ,327.75,1/17/2018 6:30,Standard Class
DEBIT,245.8099976,Shipping on time,Sporting Goods,Corporate,VA,23503,Fitness,36.94937897,-76.24703217,China,19336,01/11/18 05:48,1,327.75,245.8099976,Eastern Asia,COMPLETE,1360,Smart watch ,327.75,1/15/2018 5:48,Standard Class
DEBIT,327.75,Advance shipping,Sporting Goods,Corporate,CA,90247,Fitness,33.89164734,-118.299408,Australia,19335,01/11/18 05:27,1,327.75,327.75,Oceania,ON_HOLD,1360,Smart watch ,327.75,1/14/2018 5:27,Standard Class
TRANSFER,321.2000122,Shipping canceled,Sporting Goods,Consumer,HI,96818,Fitness,21.343153,-157.906601,Australia,19333,01/11/18 04:45,1,327.75,321.2000122,Oceania,CANCELED,1360,Smart watch ,327.75,1/17/2018 4:45,Standard Class
DEBIT,314.6400146,Late delivery,Sporting Goods,Home Office,DE,19711,Fitness,39.67436981,-75.76576996,China,19331,01/11/18 04:03,1,327.75,314.6400146,Eastern Asia,ON_HOLD,1360,Smart watch ,327.75,1/15/2018 4:03,Second Class
DEBIT,311.3599854,Late delivery,Sporting Goods,Consumer,NY,11375,Fitness,42.08637619,-76.85916138,Filipinas,19330,01/11/18 03:42,1,327.75,311.3599854,Southeast Asia,COMPLETE,1360,Smart watch ,327.75,1/14/2018 3:42,Second Class
DEBIT,304.8099976,Late delivery,Sporting Goods,Corporate,CA,91764,Fitness,34.07656479,-117.61409,China,19328,01/11/18 03:00,1,327.75,304.8099976,Eastern Asia,COMPLETE,1360,Smart watch ,327.75,1/13/2018 3:00,First Class
CASH,294.980011,Late delivery,Sporting Goods,Consumer,NY,14580,Fitness,42.42012024,-79.31320953,Indonesia,19326,01/11/18 02:18,1,327.75,294.980011,Southeast Asia,CLOSED,1360,Smart watch ,327.75,1/13/2018 2:18,First Class
PAYMENT,288.4200134,Late delivery,Sporting Goods,Consumer,NY,10029,Fitness,40.79290009,-73.94426727,Australia,19325,01/11/18 01:57,1,327.75,288.4200134,Oceania,PENDING_PAYMENT,1360,Smart watch ,327.75,1/13/2018 1:57,First Class
TRANSFER,285.1400146,Shipping on time,Sporting Goods,Consumer,TX,78521,Fitness,25.92748261,-97.48326111,Filipinas,19324,01/11/18 01:36,1,327.75,285.1400146,Southeast Asia,PENDING,1360,Smart watch ,327.75,01/11/18 13:36,Same Day
DEBIT,275.3099976,Late delivery,Sporting Goods,Consumer,MI,48126,Fitness,42.29305649,-83.18068695,Australia,19322,01/11/18 00:54,1,327.75,275.3099976,Oceania,COMPLETE,1360,Smart watch ,327.75,1/16/2018 0:54,Standard Class
DEBIT,272.0299988,Shipping on time,Sporting Goods,Consumer,NY,11368,Fitness,40.74015808,-73.84850311,India,19321,01/11/18 00:33,1,327.75,272.0299988,South Asia,COMPLETE,1360,Smart watch ,327.75,1/15/2018 0:33,Standard Class
PAYMENT,262.2000122,Advance shipping,Sporting Goods,Consumer,NY,10040,Fitness,40.85889053,-73.93106842,Indonesia,19319,01/10/18 23:51,1,327.75,262.2000122,Southeast Asia,PENDING_PAYMENT,1360,Smart watch ,327.75,01/12/18 23:51,Standard Class
DEBIT,245.8099976,Late delivery,Sporting Goods,Consumer,TX,75007,Fitness,33.03649902,-96.92692566,Indonesia,19318,01/10/18 23:30,1,327.75,245.8099976,Southeast Asia,COMPLETE,1360,Smart watch ,327.75,1/16/2018 23:30,Standard Class
DEBIT,327.75,Late delivery,Sporting Goods,Corporate,CA,93307,Fitness,35.31053162,-119.0147934,China,19317,01/10/18 23:09,1,327.75,327.75,Eastern Asia,ON_HOLD,1360,Smart watch ,327.75,1/15/2018 23:09,Second Class
DEBIT,321.2000122,Late delivery,Sporting Goods,Consumer,CA,90221,Fitness,33.94784164,-118.2462921,Australia,19315,01/10/18 22:27,1,327.75,321.2000122,Oceania,ON_HOLD,1360,Smart watch ,327.75,1/13/2018 22:27,Second Class
PAYMENT,317.9200134,Shipping on time,Sporting Goods,Consumer,CA,93065,Fitness,34.2707634,-118.7822266,Australia,19314,01/10/18 22:06,1,327.75,317.9200134,Oceania,PENDING_PAYMENT,1360,Smart watch ,327.75,01/12/18 22:06,Second Class
DEBIT,311.3599854,Late delivery,Sporting Goods,Consumer,PA,17601,Fitness,40.07748795,-76.26169586,Australia,19312,01/10/18 21:24,1,327.75,311.3599854,Oceania,ON_HOLD,1360,Smart watch ,327.75,01/12/18 21:24,First Class
DEBIT,309.7200012,Late delivery,Sporting Goods,Consumer,TX,75043,Fitness,32.93944931,-96.64806366,Australia,19311,01/10/18 21:03,1,327.75,309.7200012,Oceania,COMPLETE,1360,Smart watch ,327.75,1/14/2018 21:03,Second Class
PAYMENT,294.980011,Late delivery,Sporting Goods,Corporate,LA,70570,Fitness,30.56995392,-92.07212067,Australia,19308,01/10/18 20:00,1,327.75,294.980011,Oceania,PENDING_PAYMENT,1360,Smart watch ,327.75,1/16/2018 20:00,Standard Class
TRANSFER,285.1400146,Late delivery,Sporting Goods,Consumer,CA,92507,Fitness,32.8493309,-116.6139984,Australia,19306,01/10/18 19:17,1,327.75,285.1400146,Oceania,PROCESSING,1360,Smart watch ,327.75,1/14/2018 19:17,Second Class
TRANSFER,278.5899963,Advance shipping,Sporting Goods,Consumer,HI,96797,Fitness,21.41267014,-157.997879,Australia,19305,01/10/18 18:56,1,327.75,278.5899963,Oceania,PROCESSING,1360,Smart watch ,327.75,1/13/2018 18:56,Standard Class
CASH,272.0299988,Late delivery,Sporting Goods,Consumer,AZ,85713,Fitness,32.19872284,-110.9685822,Australia,19303,01/10/18 18:14,1,327.75,272.0299988,Oceania,CLOSED,1360,Smart watch ,327.75,1/16/2018 18:14,Standard Class
TRANSFER,268.7600098,Shipping canceled,Sporting Goods,Consumer,CA,90001,Fitness,33.97934723,-118.2500534,Australia,19302,01/10/18 17:53,1,327.75,268.7600098,Oceania,SUSPECTED_FRAUD,1360,Smart watch ,327.75,1/15/2018 17:53,Standard Class
TRANSFER,262.2000122,Late delivery,Sporting Goods,Home Office,CA,95608,Fitness,38.60803223,-121.3219528,Australia,19301,01/10/18 17:32,1,327.75,262.2000122,Oceania,PENDING,1360,Smart watch ,327.75,1/14/2018 17:32,Second Class
DEBIT,327.75,Advance shipping,Sporting Goods,Corporate,CA,92780,Fitness,33.77279663,-117.8358154,Indonesia,19299,01/10/18 16:50,1,327.75,327.75,Southeast Asia,COMPLETE,1360,Smart watch ,327.75,01/12/18 16:50,Standard Class
TRANSFER,321.2000122,Late delivery,Sporting Goods,Corporate,OH,45140,Fitness,39.29779434,-84.28598023,China,19297,01/10/18 16:08,1,327.75,321.2000122,Eastern Asia,PROCESSING,1360,Smart watch ,327.75,1/15/2018 16:08,Standard Class
PAYMENT,317.9200134,Shipping on time,Sporting Goods,Consumer,FL,33165,Fitness,25.74022484,-80.36169434,China,19296,01/10/18 15:47,1,327.75,317.9200134,Eastern Asia,PENDING_PAYMENT,1360,Smart watch ,327.75,1/14/2018 15:47,Standard Class
TRANSFER,314.6400146,Shipping canceled,Sporting Goods,Consumer,CA,92805,Fitness,33.83805847,-117.9110107,China,19295,01/10/18 15:26,1,327.75,314.6400146,Eastern Asia,SUSPECTED_FRAUD,1360,Smart watch ,327.75,1/13/2018 15:26,Standard Class
PAYMENT,311.3599854,Advance shipping,Sporting Goods,Consumer,IL,60651,Fitness,41.9041214,-87.71240997,Australia,19294,01/10/18 15:05,1,327.75,311.3599854,Oceania,PENDING_PAYMENT,1360,Smart watch ,327.75,01/12/18 15:05,Standard Class
DEBIT,304.8099976,Late delivery,Sporting Goods,Corporate,MI,48238,Fitness,42.39110184,-83.13121796,Australia,19292,01/10/18 14:23,1,327.75,304.8099976,Oceania,COMPLETE,1360,Smart watch ,327.75,1/15/2018 14:23,Standard Class
PAYMENT,298.25,Shipping on time,Sporting Goods,Corporate,MI,48187,Fitness,42.34844208,-83.43744659,Pakistán,19291,01/10/18 14:02,1,327.75,298.25,South Asia,PENDING_PAYMENT,1360,Smart watch ,327.75,1/14/2018 14:02,Standard Class
TRANSFER,294.980011,Advance shipping,Sporting Goods,Corporate,VA,22554,Fitness,38.42340851,-77.40523529,Pakistán,19290,01/10/18 13:41,1,327.75,294.980011,South Asia,PROCESSING,1360,Smart watch ,327.75,1/13/2018 13:41,Standard Class
CASH,285.1400146,Late delivery,Sporting Goods,Corporate,CA,92126,Fitness,32.76002502,-117.2483826,Australia,19288,01/10/18 12:59,1,327.75,285.1400146,Oceania,CLOSED,1360,Smart watch ,327.75,1/16/2018 12:59,Standard Class
DEBIT,275.3099976,Late delivery,Sporting Goods,Consumer,NY,10466,Fitness,40.8907814,-73.85758209,China,19286,01/10/18 12:17,1,327.75,275.3099976,Eastern Asia,COMPLETE,1360,Smart watch ,327.75,1/14/2018 12:17,Second Class
PAYMENT,268.7600098,Advance shipping,Sporting Goods,Corporate,NY,11419,Fitness,40.68805313,-73.82411957,Indonesia,19284,01/10/18 11:35,1,327.75,268.7600098,Southeast Asia,PENDING_PAYMENT,1360,Smart watch ,327.75,01/12/18 11:35,Standard Class
TRANSFER,245.8099976,Shipping canceled,Sporting Goods,Corporate,OH,45044,Fitness,39.44261551,-84.4282074,Indonesia,19282,01/10/18 10:53,1,327.75,245.8099976,Southeast Asia,CANCELED,1360,Smart watch ,327.75,1/15/2018 10:53,Second Class
PAYMENT,327.75,Advance shipping,Sporting Goods,Consumer,CA,95020,Fitness,37.01370621,-121.5893478,India,16774,12/04/17 20:13,1,327.75,327.75,South Asia,PENDING_PAYMENT,1360,Smart watch ,327.75,12/06/17 20:13,Standard Class
DEBIT,321.2000122,Late delivery,Sporting Goods,Corporate,CA,91702,Fitness,34.13360977,-117.9058914,India,16772,12/04/17 19:31,1,327.75,321.2000122,South Asia,COMPLETE,1360,Smart watch ,327.75,12/09/17 19:31,Standard Class
PAYMENT,314.6400146,Advance shipping,Sporting Goods,Consumer,NC,28645,Fitness,36.11019898,-81.52600861,India,16770,12/04/17 18:49,1,327.75,314.6400146,South Asia,PENDING_PAYMENT,1360,Smart watch ,327.75,12/07/17 18:49,Standard Class
TRANSFER,311.3599854,Advance shipping,Sporting Goods,Consumer,OH,43228,Fitness,40.88164902,-81.25228119,India,16769,12/04/17 18:28,1,327.75,311.3599854,South Asia,PENDING,1360,Smart watch ,327.75,12/06/17 18:28,Standard Class
PAYMENT,309.7200012,Late delivery,Sporting Goods,Consumer,OR,97321,Fitness,44.63076019,-123.1084366,India,16768,12/04/17 18:07,1,327.75,309.7200012,South Asia,PENDING_PAYMENT,1360,Smart watch ,327.75,12/10/17 18:07,Standard Class
TRANSFER,294.980011,Advance shipping,Sporting Goods,Home Office,NY,11757,Fitness,40.68665695,-73.37553406,India,16765,12/04/17 17:04,1,327.75,294.980011,South Asia,PENDING,1360,Smart watch ,327.75,12/07/17 17:04,Standard Class
DEBIT,288.4200134,Advance shipping,Sporting Goods,Consumer,OH,44035,Fitness,41.42148209,-82.09407044,India,16764,12/04/17 16:43,1,327.75,288.4200134,South Asia,COMPLETE,1360,Smart watch ,327.75,12/06/17 16:43,Standard Class
DEBIT,278.5899963,Late delivery,Sporting Goods,Consumer,CA,92504,Fitness,33.93642426,-117.4205856,Australia,16762,12/04/17 16:01,1,327.75,278.5899963,Oceania,COMPLETE,1360,Smart watch ,327.75,12/09/17 16:01,Standard Class
PAYMENT,272.0299988,Advance shipping,Sporting Goods,Consumer,CA,90745,Fitness,33.83179474,-118.261322,Australia,16760,12/04/17 15:19,1,327.75,272.0299988,Oceania,PAYMENT_REVIEW,1360,Smart watch ,327.75,12/07/17 15:19,Standard Class
DEBIT,268.7600098,Late delivery,Sporting Goods,Consumer,AZ,85204,Fitness,33.41001129,-111.7717972,Pakistán,16759,12/04/17 14:58,1,327.75,268.7600098,South Asia,COMPLETE,1360,Smart watch ,327.75,12/06/17 14:58,First Class
DEBIT,245.8099976,Late delivery,Sporting Goods,Corporate,HI,96818,Fitness,21.343153,-157.906601,Indonesia,16757,12/04/17 14:16,1,327.75,245.8099976,Southeast Asia,COMPLETE,1360,Smart watch ,327.75,12/06/17 14:16,First Class
CASH,324.4700012,Advance shipping,Sporting Goods,Consumer,FL,33624,Fitness,28.10211754,-82.51211548,Indonesia,16755,12/04/17 13:34,1,327.75,324.4700012,Southeast Asia,CLOSED,1360,Smart watch ,327.75,12/07/17 13:34,Standard Class
DEBIT,321.2000122,Advance shipping,Sporting Goods,Consumer,TX,78586,Fitness,26.140728,-97.66805267,Indonesia,16754,12/04/17 13:13,1,327.75,321.2000122,Southeast Asia,COMPLETE,1360,Smart watch ,327.75,12/06/17 13:13,Standard Class
TRANSFER,314.6400146,Late delivery,Sporting Goods,Home Office,IN,46226,Fitness,39.83699036,-86.01907349,Mongolia,16752,12/04/17 12:31,1,327.75,314.6400146,Eastern Asia,PENDING,1360,Smart watch ,327.75,12/09/17 12:31,Standard Class
PAYMENT,309.7200012,Advance shipping,Sporting Goods,Corporate,CT,6082,Fitness,42.00019074,-72.59646606,China,16750,12/04/17 11:49,1,327.75,309.7200012,Eastern Asia,PENDING_PAYMENT,1360,Smart watch ,327.75,12/07/17 11:49,Standard Class
PAYMENT,298.25,Late delivery,Sporting Goods,Corporate,CA,90043,Fitness,33.98547363,-118.3382416,India,16748,12/04/17 11:07,1,327.75,298.25,South Asia,PENDING_PAYMENT,1360,Smart watch ,327.75,12/10/17 11:07,Standard Class
PAYMENT,288.4200134,Late delivery,Sporting Goods,Corporate,CA,95351,Fitness,37.61849976,-121.0116348,Myanmar (Birmania),16746,12/04/17 10:25,1,327.75,288.4200134,Southeast Asia,PENDING_PAYMENT,1360,Smart watch ,327.75,12/06/17 10:25,First Class
CASH,278.5899963,Shipping on time,Sporting Goods,Consumer,NJ,7111,Fitness,40.73097992,-74.22322846,Myanmar (Birmania),16744,12/04/17 09:43,1,327.75,278.5899963,Southeast Asia,CLOSED,1360,Smart watch ,327.75,12/06/17 09:43,Second Class
TRANSFER,272.0299988,Late delivery,Sporting Goods,Consumer,VA,23503,Fitness,36.94937897,-76.24703217,Myanmar (Birmania),16742,12/04/17 09:00,1,327.75,272.0299988,Southeast Asia,PROCESSING,1360,Smart watch ,327.75,12/09/17 09:00,Second Class
CASH,268.7600098,Late delivery,Sporting Goods,Consumer,CA,90247,Fitness,33.89164734,-118.299408,Myanmar (Birmania),16741,12/04/17 08:39,1,327.75,268.7600098,Southeast Asia,CLOSED,1360,Smart watch ,327.75,12/06/17 08:39,First Class
TRANSFER,245.8099976,Shipping canceled,Sporting Goods,Consumer,HI,96818,Fitness,21.343153,-157.906601,Indonesia,16739,12/04/17 07:57,1,327.75,245.8099976,Southeast Asia,SUSPECTED_FRAUD,1360,Smart watch ,327.75,12/06/17 07:57,Standard Class
DEBIT,324.4700012,Late delivery,Sporting Goods,Consumer,DE,19711,Fitness,39.67436981,-75.76576996,Myanmar (Birmania),16737,12/04/17 07:15,1,327.75,324.4700012,Southeast Asia,COMPLETE,1360,Smart watch ,327.75,12/09/17 07:15,Standard Class
PAYMENT,321.2000122,Shipping on time,Sporting Goods,Consumer,NY,11375,Fitness,42.08637619,-76.85916138,Myanmar (Birmania),16736,12/04/17 06:54,1,327.75,321.2000122,Southeast Asia,PENDING_PAYMENT,1360,Smart watch ,327.75,12/08/17 06:54,Standard Class
CASH,314.6400146,Advance shipping,Sporting Goods,Corporate,CA,91764,Fitness,34.07656479,-117.61409,Filipinas,16734,12/04/17 06:12,1,327.75,314.6400146,Southeast Asia,CLOSED,1360,Smart watch ,327.75,12/06/17 06:12,Standard Class
TRANSFER,309.7200012,Late delivery,Sporting Goods,Corporate,NY,14580,Fitness,42.42012024,-79.31320953,Filipinas,16732,12/04/17 05:30,1,327.75,309.7200012,Southeast Asia,PROCESSING,1360,Smart watch ,327.75,12/09/17 05:30,Standard Class
DEBIT,304.8099976,Shipping on time,Sporting Goods,Corporate,NY,10029,Fitness,40.79290009,-73.94426727,India,16731,12/04/17 05:09,1,327.75,304.8099976,South Asia,COMPLETE,1360,Smart watch ,327.75,12/08/17 05:09,Standard Class
CASH,298.25,Advance shipping,Sporting Goods,Corporate,TX,78521,Fitness,25.92748261,-97.48326111,India,16730,12/04/17 04:48,1,327.75,298.25,South Asia,CLOSED,1360,Smart watch ,327.75,12/07/17 04:48,Standard Class
TRANSFER,288.4200134,Late delivery,Sporting Goods,Consumer,MI,48126,Fitness,42.29305649,-83.18068695,Australia,16728,12/04/17 04:06,1,327.75,288.4200134,Oceania,PROCESSING,1360,Smart watch ,327.75,12/10/17 04:06,Standard Class
TRANSFER,285.1400146,Shipping canceled,Sporting Goods,Consumer,NY,11368,Fitness,40.74015808,-73.84850311,Australia,16727,12/04/17 03:45,1,327.75,285.1400146,Oceania,SUSPECTED_FRAUD,1360,Smart watch ,327.75,12/09/17 03:45,Standard Class
CASH,275.3099976,Advance shipping,Sporting Goods,Corporate,NY,10040,Fitness,40.85889053,-73.93106842,China,16725,12/04/17 03:03,1,327.75,275.3099976,Eastern Asia,CLOSED,1360,Smart watch ,327.75,12/07/17 03:03,Standard Class
DEBIT,272.0299988,Advance shipping,Sporting Goods,Corporate,TX,75007,Fitness,33.03649902,-96.92692566,Indonesia,16724,12/04/17 02:42,1,327.75,272.0299988,Southeast Asia,COMPLETE,1360,Smart watch ,327.75,12/06/17 02:42,Standard Class
PAYMENT,268.7600098,Late delivery,Sporting Goods,Consumer,CA,93307,Fitness,35.31053162,-119.0147934,Indonesia,16723,12/04/17 02:21,1,327.75,268.7600098,Southeast Asia,PENDING_PAYMENT,1360,Smart watch ,327.75,12/06/17 02:21,First Class
TRANSFER,245.8099976,Shipping canceled,Sporting Goods,Corporate,CA,90221,Fitness,33.94784164,-118.2462921,Filipinas,16721,12/04/17 01:39,1,327.75,245.8099976,Southeast Asia,CANCELED,1360,Smart watch ,327.75,12/06/17 01:39,First Class
DEBIT,327.75,Advance shipping,Sporting Goods,Corporate,CA,93065,Fitness,34.2707634,-118.7822266,Filipinas,16720,12/04/17 01:18,1,327.75,327.75,Southeast Asia,COMPLETE,1360,Smart watch ,327.75,12/07/17 01:18,Standard Class
TRANSFER,321.2000122,Late delivery,Sporting Goods,Consumer,PA,17601,Fitness,40.07748795,-76.26169586,Filipinas,16718,12/04/17 00:36,1,327.75,321.2000122,Southeast Asia,PROCESSING,1360,Smart watch ,327.75,12/10/17 00:36,Standard Class
DEBIT,317.9200134,Late delivery,Sporting Goods,Consumer,TX,75043,Fitness,32.93944931,-96.64806366,Australia,16717,12/04/17 00:15,1,327.75,317.9200134,Oceania,COMPLETE,1360,Smart watch ,327.75,12/09/17 00:15,Standard Class
TRANSFER,309.7200012,Advance shipping,Sporting Goods,Consumer,LA,70570,Fitness,30.56995392,-92.07212067,Australia,16714,12/03/17 23:12,1,327.75,309.7200012,Oceania,PENDING,1360,Smart watch ,327.75,12/05/17 23:12,Standard Class
DEBIT,298.25,Late delivery,Sporting Goods,Home Office,CA,92507,Fitness,32.8493309,-116.6139984,China,16712,12/03/17 22:30,1,327.75,298.25,Eastern Asia,COMPLETE,1360,Smart watch ,327.75,12/08/17 22:30,Standard Class
DEBIT,294.980011,Shipping on time,Sporting Goods,Corporate,HI,96797,Fitness,21.41267014,-157.997879,Indonesia,16711,12/03/17 22:09,1,327.75,294.980011,Southeast Asia,COMPLETE,1360,Smart watch ,327.75,12/07/17 22:09,Standard Class
TRANSFER,285.1400146,Late delivery,Sporting Goods,Home Office,AZ,85713,Fitness,32.19872284,-110.9685822,Vietnam,16709,12/03/17 21:27,1,327.75,285.1400146,Southeast Asia,PENDING,1360,Smart watch ,327.75,12/05/17 21:27,First Class
DEBIT,278.5899963,Late delivery,Sporting Goods,Corporate,CA,90001,Fitness,33.97934723,-118.2500534,Vietnam,16708,12/03/17 21:06,1,327.75,278.5899963,Southeast Asia,COMPLETE,1360,Smart watch ,327.75,12/09/17 21:06,Standard Class
DEBIT,275.3099976,Late delivery,Sporting Goods,Corporate,CA,95608,Fitness,38.60803223,-121.3219528,Vietnam,16707,12/03/17 20:45,1,327.75,275.3099976,Southeast Asia,ON_HOLD,1360,Smart watch ,327.75,12/08/17 20:45,Standard Class
DEBIT,268.7600098,Advance shipping,Sporting Goods,Consumer,CA,92780,Fitness,33.77279663,-117.8358154,China,16705,12/03/17 20:03,1,327.75,268.7600098,Eastern Asia,COMPLETE,1360,Smart watch ,327.75,12/06/17 20:03,Standard Class
CASH,245.8099976,Late delivery,Sporting Goods,Consumer,OH,45140,Fitness,39.29779434,-84.28598023,Vietnam,16703,12/03/17 19:21,1,327.75,245.8099976,Southeast Asia,CLOSED,1360,Smart watch ,327.75,12/09/17 19:21,Standard Class
PAYMENT,327.75,Late delivery,Sporting Goods,Consumer,FL,33165,Fitness,25.74022484,-80.36169434,Vietnam,16702,12/03/17 19:00,1,327.75,327.75,Southeast Asia,PENDING_PAYMENT,1360,Smart watch ,327.75,12/08/17 19:00,Standard Class
DEBIT,324.4700012,Shipping on time,Sporting Goods,Consumer,CA,92805,Fitness,33.83805847,-117.9110107,China,16701,12/03/17 18:39,1,327.75,324.4700012,Eastern Asia,COMPLETE,1360,Smart watch ,327.75,12/07/17 18:39,Standard Class
PAYMENT,321.2000122,Advance shipping,Sporting Goods,Consumer,IL,60651,Fitness,41.9041214,-87.71240997,China,16700,12/03/17 18:18,1,327.75,321.2000122,Eastern Asia,PENDING_PAYMENT,1360,Smart watch ,327.75,12/06/17 18:18,Standard Class
TRANSFER,314.6400146,Late delivery,Sporting Goods,Consumer,MI,48238,Fitness,42.39110184,-83.13121796,Australia,16698,12/03/17 17:36,1,327.75,314.6400146,Oceania,PROCESSING,1360,Smart watch ,327.75,12/05/17 17:36,First Class
DEBIT,311.3599854,Late delivery,Sporting Goods,Consumer,MI,48187,Fitness,42.34844208,-83.43744659,India,16697,12/03/17 17:15,1,327.75,311.3599854,South Asia,ON_HOLD,1360,Smart watch ,327.75,12/08/17 17:15,Standard Class
TRANSFER,309.7200012,Shipping on time,Sporting Goods,Consumer,VA,22554,Fitness,38.42340851,-77.40523529,India,16696,12/03/17 16:54,1,327.75,309.7200012,South Asia,PENDING,1360,Smart watch ,327.75,12/07/17 16:54,Standard Class
PAYMENT,298.25,Advance shipping,Sporting Goods,Consumer,CA,92126,Fitness,32.76002502,-117.2483826,China,16694,12/03/17 16:11,1,327.75,298.25,Eastern Asia,PENDING_PAYMENT,1360,Smart watch ,327.75,12/05/17 16:11,Standard Class
CASH,288.4200134,Late delivery,Sporting Goods,Corporate,NY,10466,Fitness,40.8907814,-73.85758209,Indonesia,16692,12/03/17 15:29,1,327.75,288.4200134,Southeast Asia,CLOSED,1360,Smart watch ,327.75,12/08/17 15:29,Standard Class
TRANSFER,278.5899963,Shipping canceled,Sporting Goods,Corporate,NY,11419,Fitness,40.68805313,-73.82411957,Indonesia,16690,12/03/17 14:47,1,327.75,278.5899963,Southeast Asia,SUSPECTED_FRAUD,1360,Smart watch ,327.75,12/06/17 14:47,Standard Class
TRANSFER,272.0299988,Shipping canceled,Sporting Goods,Consumer,OH,45044,Fitness,39.44261551,-84.4282074,Singapur,16688,12/03/17 14:05,1,327.75,272.0299988,Southeast Asia,SUSPECTED_FRAUD,1360,Smart watch ,327.75,12/09/17 14:05,Standard Class
DEBIT,262.2000122,Late delivery,Sporting Goods,Consumer,TX,75240,Fitness,32.93148804,-96.81433868,China,16686,12/03/17 13:23,1,327.75,262.2000122,Eastern Asia,COMPLETE,1360,Smart watch ,327.75,12/05/17 13:23,First Class
PAYMENT,327.75,Late delivery,Sporting Goods,Consumer,OR,97402,Fitness,44.05007172,-123.1093521,China,16684,12/03/17 12:41,1,327.75,327.75,Eastern Asia,PENDING_PAYMENT,1360,Smart watch ,327.75,12/05/17 12:41,First Class
DEBIT,324.4700012,Late delivery,Sporting Goods,Consumer,CA,91709,Fitness,34.0104599,-117.7420883,Indonesia,16683,12/03/17 12:20,1,327.75,324.4700012,Southeast Asia,COMPLETE,1360,Smart watch ,327.75,12/05/17 12:20,First Class
TRANSFER,317.9200134,Late delivery,Sporting Goods,Corporate,TN,38401,Fitness,35.68884659,-86.81004334,Indonesia,16681,12/03/17 11:38,1,327.75,317.9200134,Southeast Asia,PENDING,1360,Smart watch ,327.75,12/05/17 11:38,First Class
DEBIT,314.6400146,Late delivery,Sporting Goods,Home Office,AZ,85308,Fitness,33.53820038,-112.2271423,Australia,16680,12/03/17 11:17,1,327.75,314.6400146,Oceania,COMPLETE,1360,Smart watch ,327.75,12/05/17 11:17,First Class
DEBIT,309.7200012,Late delivery,Sporting Goods,Consumer,NJ,7052,Fitness,40.77758408,-74.2411499,India,16678,12/03/17 10:35,1,327.75,309.7200012,South Asia,ON_HOLD,1360,Smart watch ,327.75,12/09/17 10:35,Standard Class
DEBIT,304.8099976,Late delivery,Sporting Goods,Consumer,CA,94015,Fitness,37.69598389,-122.4800415,India,16677,12/03/17 10:14,1,327.75,304.8099976,South Asia,COMPLETE,1360,Smart watch ,327.75,12/08/17 10:14,Standard Class
DEBIT,294.980011,Advance shipping,Sporting Goods,Consumer,TX,77083,Fitness,29.69653702,-95.6459198,Australia,16675,12/03/17 09:32,1,327.75,294.980011,Oceania,COMPLETE,1360,Smart watch ,327.75,12/06/17 09:32,Standard Class
DEBIT,285.1400146,Late delivery,Sporting Goods,Consumer,OH,44136,Fitness,41.3469696,-81.82631683,China,16673,12/03/17 08:50,1,327.75,285.1400146,Eastern Asia,ON_HOLD,1360,Smart watch ,327.75,12/09/17 08:50,Second Class
TRANSFER,275.3099976,Shipping on time,Sporting Goods,Corporate,GA,30127,Fitness,33.86013031,-84.68437958,Corea del Sur,16671,12/03/17 08:08,1,327.75,275.3099976,Eastern Asia,PENDING,1360,Smart watch ,327.75,12/07/17 08:08,Standard Class
DEBIT,272.0299988,Advance shipping,Sporting Goods,Corporate,GA,30047,Fitness,33.90219879,-84.15373993,Corea del Sur,16670,12/03/17 07:47,1,327.75,272.0299988,Eastern Asia,COMPLETE,1360,Smart watch ,327.75,12/06/17 07:47,Standard Class
DEBIT,268.7600098,Advance shipping,Sporting Goods,Home Office,MD,21234,Fitness,39.3816185,-76.54323578,Singapur,16669,12/03/17 07:26,1,327.75,268.7600098,Southeast Asia,COMPLETE,1360,Smart watch ,327.75,12/05/17 07:26,Standard Class
DEBIT,245.8099976,Late delivery,Sporting Goods,Consumer,MN,55106,Fitness,44.95905304,-93.07167816,Indonesia,16667,12/03/17 06:44,1,327.75,245.8099976,Southeast Asia,ON_HOLD,1360,Smart watch ,327.75,12/08/17 06:44,Standard Class
PAYMENT,324.4700012,Advance shipping,Sporting Goods,Corporate,NY,14094,Fitness,43.16891098,-78.69216156,Indonesia,16665,12/03/17 06:02,1,327.75,324.4700012,Southeast Asia,PENDING_PAYMENT,1360,Smart watch ,327.75,12/06/17 06:02,Standard Class
DEBIT,321.2000122,Advance shipping,Sporting Goods,Corporate,MI,48224,Fitness,42.40109634,-82.92513275,Indonesia,16664,12/03/17 05:41,1,327.75,321.2000122,Southeast Asia,COMPLETE,1360,Smart watch ,327.75,12/05/17 05:41,Standard Class
TRANSFER,314.6400146,Late delivery,Sporting Goods,Home Office,FL,33010,Fitness,25.83031082,-80.27851105,Filipinas,16662,12/03/17 04:59,1,327.75,314.6400146,Southeast Asia,PROCESSING,1360,Smart watch ,327.75,12/08/17 04:59,Standard Class
PAYMENT,311.3599854,Shipping on time,Sporting Goods,Home Office,CA,90022,Fitness,34.02246857,-118.1672974,Indonesia,16661,12/03/17 04:38,1,327.75,311.3599854,Southeast Asia,PENDING_PAYMENT,1360,Smart watch ,327.75,12/07/17 04:38,Standard Class
PAYMENT,309.7200012,Late delivery,Sporting Goods,Home Office,NY,11236,Fitness,40.64571381,-73.8972168,Indonesia,16660,12/03/17 04:17,1,327.75,309.7200012,Southeast Asia,PENDING_PAYMENT,1360,Smart watch ,327.75,12/06/17 04:17,Second Class
TRANSFER,298.25,Shipping canceled,Sporting Goods,Home Office,WI,53511,Fitness,42.49619293,-88.99088287,Pakistán,16658,12/03/17 03:35,1,327.75,298.25,South Asia,CANCELED,1360,Smart watch ,327.75,12/09/17 03:35,Standard Class
PAYMENT,294.980011,Late delivery,Sporting Goods,Consumer,CA,90003,Fitness,33.96860123,-118.2747421,Australia,16657,12/03/17 03:14,1,327.75,294.980011,Oceania,PAYMENT_REVIEW,1360,Smart watch ,327.75,12/08/17 03:14,Second Class
DEBIT,285.1400146,Late delivery,Sporting Goods,Consumer,OH,45011,Fitness,39.3985405,-84.55661774,India,16655,12/03/17 02:32,1,327.75,285.1400146,South Asia,COMPLETE,1360,Smart watch ,327.75,12/06/17 02:32,Second Class
TRANSFER,275.3099976,Shipping on time,Sporting Goods,Corporate,NC,27834,Fitness,35.67626572,-77.42941284,India,16653,12/03/17 01:50,1,327.75,275.3099976,South Asia,PENDING,1360,Smart watch ,327.75,12/03/17 13:50,Same Day
TRANSFER,272.0299988,Shipping on time,Sporting Goods,Corporate,TX,75287,Fitness,33.00526428,-96.82467651,Australia,16652,12/03/17 01:29,1,327.75,272.0299988,Oceania,PENDING,1360,Smart watch ,327.75,12/03/17 13:29,Same Day
DEBIT,268.7600098,Shipping on time,Sporting Goods,Consumer,FL,33175,Fitness,25.74613953,-80.39176178,Australia,16651,12/03/17 01:08,1,327.75,268.7600098,Oceania,COMPLETE,1360,Smart watch ,327.75,12/07/17 01:08,Standard Class
TRANSFER,191.9700012,Shipping on time,Cleats,Consumer,CA,90638,Apparel,33.9031601,-117.9898758,Francia,7586,09/04/15 03:30,4,239.9600067,191.9700012,Western Europe,PENDING,365,Perfect Fitness Perfect Rip Deck,59.99000168,09/08/15 03:30,Standard Class
TRANSFER,179.9700012,Shipping on time,Cleats,Consumer,CA,90066,Apparel,34.0015831,-118.4321518,Reino Unido,5326,09/03/17 02:29,4,239.9600067,179.9700012,Northern Europe,PENDING,365,Perfect Fitness Perfect Rip Deck,59.99000168,09/07/17 02:29,Standard Class
TRANSFER,179.9700012,Late delivery,Cleats,Consumer,CO,80631,Apparel,39.60168457,-107.0304413,Reino Unido,494,9/24/2017 10:41,4,239.9600067,179.9700012,Northern Europe,PENDING,365,Perfect Fitness Perfect Rip Deck,59.99000168,9/30/2017 10:41,Standard Class
TRANSFER,179.9700012,Advance shipping,Cleats,Consumer,TX,75217,Apparel,32.71303558,-96.69631958,Reino Unido,4563,9/20/2015 18:12,4,239.9600067,179.9700012,Northern Europe,PENDING,365,Perfect Fitness Perfect Rip Deck,59.99000168,9/22/2015 18:12,Standard Class
TRANSFER,200,Late delivery,Women's Apparel,Consumer,CA,92009,Golf,33.10355759,-117.2678757,Francia,341,8/29/2015 7:43,4,200,200,Western Europe,PENDING,502,Nike Men's Dri-FIT Victory Golf Polo,50,09/03/15 07:43,Standard Class
TRANSFER,198,Late delivery,Women's Apparel,Consumer,NY,11226,Golf,37.76897812,-122.3891907,Reino Unido,928,06/08/15 15:32,4,200,198,Northern Europe,PENDING,502,Nike Men's Dri-FIT Victory Golf Polo,50,6/13/2015 15:32,Standard Class
TRANSFER,198,Late delivery,Women's Apparel,Consumer,NY,10031,Golf,40.82476044,-73.94992065,Francia,11065,9/13/2015 7:10,4,200,198,Western Europe,PENDING,502,Nike Men's Dri-FIT Victory Golf Polo,50,9/19/2015 7:10,Standard Class
TRANSFER,196,Late delivery,Women's Apparel,Consumer,NY,10031,Golf,40.82476044,-73.94992065,Francia,11065,9/13/2015 7:10,4,200,196,Western Europe,PENDING,502,Nike Men's Dri-FIT Victory Golf Polo,50,9/19/2015 7:10,Standard Class
TRANSFER,194,Shipping on time,Women's Apparel,Consumer,FL,33324,Golf,26.0984993,-80.27095032,Reino Unido,5687,6/22/2017 9:46,4,200,194,Northern Europe,PENDING,502,Nike Men's Dri-FIT Victory Golf Polo,50,6/26/2017 9:46,Standard Class
TRANSFER,192,Advance shipping,Women's Apparel,Consumer,OR,97470,Golf,43.20556259,-123.3465195,Reino Unido,4960,10/02/17 08:13,4,200,192,Northern Europe,PENDING,502,Nike Men's Dri-FIT Victory Golf Polo,50,10/04/17 08:13,Standard Class
TRANSFER,153.5599976,Advance shipping,Shop By Sport,Consumer,NY,11209,Golf,40.61923981,-74.03337097,Alemania,7762,08/08/17 21:26,4,159.9600067,153.5599976,Western Europe,PENDING,627,Under Armour Girls' Toddler Spine Surge Runni,39.99000168,08/10/17 21:26,Standard Class
TRANSFER,192,Advance shipping,Women's Apparel,Consumer,MO,63376,Golf,38.79064941,-90.61938477,Francia,10316,6/23/2015 10:26,4,200,192,Western Europe,PENDING,502,Nike Men's Dri-FIT Victory Golf Polo,50,6/26/2015 10:26,Standard Class
TRANSFER,190,Late delivery,Women's Apparel,Consumer,VA,23503,Golf,36.94937897,-76.24703217,Italia,4306,9/20/2015 12:14,4,200,190,Southern Europe,PENDING,502,Nike Men's Dri-FIT Victory Golf Polo,50,9/25/2015 12:14,Standard Class
TRANSFER,190,Late delivery,Women's Apparel,Consumer,IL,60617,Golf,41.73297119,-87.54953003,Francia,4161,8/29/2017 0:13,4,200,190,Western Europe,PENDING,502,Nike Men's Dri-FIT Victory Golf Polo,50,09/03/17 00:13,Standard Class
TRANSFER,189,Shipping on time,Women's Apparel,Consumer,CA,92114,Golf,32.7514801,-117.1934433,España,6034,8/13/2017 10:45,4,200,189,Southern Europe,PENDING,502,Nike Men's Dri-FIT Victory Golf Polo,50,8/17/2017 10:45,Standard Class
TRANSFER,151.1600037,Advance shipping,Shop By Sport,Consumer,IL,60615,Golf,41.79980087,-87.58843994,Alemania,9247,06/12/15 02:55,4,159.9600067,151.1600037,Western Europe,PENDING,627,Under Armour Girls' Toddler Spine Surge Runni,39.99000168,6/15/2015 2:55,Standard Class
TRANSFER,145.5599976,Late delivery,Shop By Sport,Consumer,TX,75243,Golf,32.9131012,-96.73959351,Alemania,4195,09/09/17 01:04,4,159.9600067,145.5599976,Western Europe,PENDING,627,Under Armour Girls' Toddler Spine Surge Runni,39.99000168,9/15/2017 1:04,Standard Class
TRANSFER,182,Advance shipping,Women's Apparel,Consumer,FL,33186,Golf,25.77437019,-80.19377899,Alemania,5929,09/04/15 08:24,4,200,182,Western Europe,PENDING,502,Nike Men's Dri-FIT Victory Golf Polo,50,09/07/15 08:24,Standard Class
TRANSFER,182,Shipping on time,Women's Apparel,Consumer,MA,2740,Golf,41.66638184,-70.93328095,Países Bajos,960,08/07/17 12:51,4,200,182,Western Europe,PENDING,502,Nike Men's Dri-FIT Victory Golf Polo,50,08/11/17 12:51,Standard Class
TRANSFER,143.9600067,Shipping on time,Shop By Sport,Consumer,CA,92109,Golf,32.79521942,-117.2376556,Francia,10831,9/23/2015 20:28,4,159.9600067,143.9600067,Western Europe,PENDING,627,Under Armour Girls' Toddler Spine Surge Runni,39.99000168,9/27/2015 20:28,Standard Class
TRANSFER,176,Advance shipping,Women's Apparel,Consumer,GA,30906,Golf,33.40760803,-82.00635529,Reino Unido,9989,10/11/15 19:02,4,200,176,Northern Europe,PENDING,502,Nike Men's Dri-FIT Victory Golf Polo,50,10/14/2015 19:02,Standard Class
TRANSFER,174,Advance shipping,Women's Apparel,Consumer,CA,93308,Golf,35.30034638,-119.2525253,Alemania,10165,07/12/15 22:09,4,200,174,Western Europe,PENDING,502,Nike Men's Dri-FIT Victory Golf Polo,50,7/15/2015 22:09,Standard Class
TRANSFER,174,Advance shipping,Women's Apparel,Consumer,TX,78223,Golf,29.37377548,-98.46685791,Alemania,8245,10/07/15 00:50,4,200,174,Western Europe,PENDING,502,Nike Men's Dri-FIT Victory Golf Polo,50,10/09/15 00:50,Standard Class
TRANSFER,135.9700012,Late delivery,Shop By Sport,Consumer,NM,87120,Golf,35.12392044,-106.723587,Alemania,7465,07/12/15 21:27,4,159.9600067,135.9700012,Western Europe,PENDING,627,Under Armour Girls' Toddler Spine Surge Runni,39.99000168,7/18/2015 21:27,Standard Class
TRANSFER,170,Shipping on time,Women's Apparel,Consumer,HI,96797,Golf,21.39037895,-158.0046234,Bélgica,1107,7/23/2015 12:30,4,200,170,Western Europe,PENDING,502,Nike Men's Dri-FIT Victory Golf Polo,50,7/27/2015 12:30,Standard Class
TRANSFER,168,Shipping on time,Women's Apparel,Consumer,PA,19140,Golf,40.00958252,-75.15264893,Reino Unido,2284,8/14/2015 10:01,4,200,168,Northern Europe,PENDING,502,Nike Men's Dri-FIT Victory Golf Polo,50,8/18/2015 10:01,Standard Class
TRANSFER,168,Shipping on time,Women's Apparel,Consumer,CA,90806,Golf,33.88067246,-118.2067871,Francia,636,07/01/17 16:14,4,200,168,Western Europe,PENDING,502,Nike Men's Dri-FIT Victory Golf Polo,50,07/05/17 16:14,Standard Class
TRANSFER,168,Late delivery,Women's Apparel,Consumer,NY,10021,Golf,40.77030945,-73.95845795,Alemania,5584,09/06/17 04:24,4,200,168,Western Europe,PENDING,502,Nike Men's Dri-FIT Victory Golf Polo,50,09/11/17 04:24,Standard Class
TRANSFER,131.1699982,Advance shipping,Shop By Sport,Consumer,CA,91764,Golf,34.07656479,-117.61409,Noruega,12255,8/19/2017 23:42,4,159.9600067,131.1699982,Northern Europe,PENDING,627,Under Armour Girls' Toddler Spine Surge Runni,39.99000168,8/21/2017 23:42,Standard Class
TRANSFER,164,Late delivery,Women's Apparel,Consumer,NC,27514,Golf,35.98715591,-79.06994629,Alemania,3340,10/17/2015 0:28,4,200,164,Western Europe,PENDING,502,Nike Men's Dri-FIT Victory Golf Polo,50,10/23/2015 0:28,Standard Class
TRANSFER,160,Advance shipping,Women's Apparel,Consumer,CA,92113,Golf,32.75362015,-117.1964035,Italia,1576,08/02/17 08:08,4,200,160,Southern Europe,PENDING,502,Nike Men's Dri-FIT Victory Golf Polo,50,08/05/17 08:08,Standard Class
TRANSFER,160,Advance shipping,Women's Apparel,Consumer,MI,48213,Golf,42.39391327,-83.00836945,España,9640,06/05/15 19:55,4,200,160,Southern Europe,PENDING,502,Nike Men's Dri-FIT Victory Golf Polo,50,06/07/15 19:55,Standard Class
TRANSFER,127.9700012,Shipping on time,Shop By Sport,Consumer,CA,95127,Golf,37.37883377,-121.8303375,Francia,8899,8/19/2017 22:39,4,159.9600067,127.9700012,Western Europe,PENDING,627,Under Armour Girls' Toddler Spine Surge Runni,39.99000168,8/23/2017 22:39,Standard Class
TRANSFER,127.9700012,Late delivery,Shop By Sport,Consumer,MI,48197,Golf,42.24398804,-83.61991119,Francia,9663,7/21/2015 6:54,4,159.9600067,127.9700012,Western Europe,PENDING,627,Under Armour Girls' Toddler Spine Surge Runni,39.99000168,7/27/2015 6:54,Standard Class
TRANSFER,127.9700012,Late delivery,Shop By Sport,Consumer,NY,11103,Golf,40.76861954,-73.90949249,Austria,1759,12/28/2016 12:28,4,159.9600067,127.9700012,Western Europe,PENDING,627,Under Armour Girls' Toddler Spine Surge Runni,39.99000168,01/02/17 12:28,Standard Class
TRANSFER,77.55999756,Advance shipping,Golf Balls,Consumer,MA,2740,Outdoors,41.6280365,-70.92701721,Alemania,9821,08/07/15 07:45,4,79.95999908,77.55999756,Western Europe,PENDING,810,Glove It Women's Mod Oval Golf Glove,19.98999977,08/10/15 07:45,Standard Class
TRANSFER,58.20000076,Late delivery,Trade-In,Consumer,NY,13440,Outdoors,43.21662521,-75.45603943,Alemania,9814,06/02/15 15:54,4,63.95999908,58.20000076,Western Europe,PENDING,926,Glove It Imperial Golf Towel,15.98999977,06/07/15 15:54,Standard Class
TRANSFER,115.1600037,Late delivery,Electronics,Consumer,AZ,85033,Outdoors,33.4926796,-112.2088623,Reino Unido,9867,10/05/15 16:36,4,127.9599991,115.1600037,Northern Europe,PENDING,835,Bridgestone e6 Straight Distance NFL Carolina,31.98999977,10/10/15 16:36,Standard Class
TRANSFER,56.27999878,Shipping on time,Trade-In,Consumer,CA,92115,Outdoors,32.75856018,-117.0881882,Francia,9220,9/16/2015 2:47,4,63.95999908,56.27999878,Western Europe,PENDING,926,Glove It Imperial Golf Towel,15.98999977,9/20/2015 2:47,Standard Class
TRANSFER,180.9299927,Shipping on time,Electronics,Consumer,MI,48823,Outdoors,42.92534638,-83.98883057,Francia,3921,08/09/15 02:08,4,207.9600067,180.9299927,Western Europe,PENDING,823,Titleist Pro V1x High Numbers Personalized Go,51.99000168,8/13/2015 2:08,Standard Class
TRANSFER,163.1699982,Shipping on time,Electronics,Consumer,NY,11218,Outdoors,40.65025711,-73.94342804,Ucrania,1564,12/29/2016 2:08,4,191.9600067,163.1699982,Eastern Europe,PENDING,818,Titleist Pro V1x Golf Balls,47.99000168,01/02/17 02:08,Standard Class
TRANSFER,84.97000122,Late delivery,Accessories,Consumer,NY,13440,Outdoors,43.21662521,-75.45603943,Alemania,9814,06/02/15 15:54,4,99.95999908,84.97000122,Western Europe,PENDING,893,Team Golf Pittsburgh Steelers Putter Grip,24.98999977,06/07/15 15:54,Standard Class
TRANSFER,63.97000122,Advance shipping,Golf Balls,Consumer,NY,13760,Outdoors,42.07463837,-76.1240387,Italia,6050,8/28/2015 21:54,4,79.95999908,63.97000122,Southern Europe,PENDING,804,Glove It Women's Imperial Golf Glove,19.98999977,8/30/2015 21:54,Standard Class
TRANSFER,319.9599915,Advance shipping,Soccer,Consumer,CT,6902,Fitness,41.04875183,-73.5615921,Suecia,7231,09/05/17 23:51,4,319.9599915,319.9599915,Northern Europe,PROCESSING,24,Elevation Training Mask 2.0,79.98999786,09/07/17 23:51,Standard Class
TRANSFER,297.5599976,Late delivery,Soccer,Consumer,PA,17331,Fitness,39.79706574,-77.03726959,Francia,9008,8/13/2017 2:41,4,319.9599915,297.5599976,Western Europe,PROCESSING,24,Elevation Training Mask 2.0,79.98999786,8/19/2017 2:41,Standard Class
TRANSFER,327.9700012,Advance shipping,Lacrosse,Consumer,NY,10467,Fitness,40.88479996,-73.86613464,Italia,5158,09/08/17 14:55,4,399.9599915,327.9700012,Southern Europe,PROCESSING,78,Nike Kids' Grade School KD VI Basketball Shoe,99.98999786,09/10/17 14:55,Standard Class
TRANSFER,79.97000122,Advance shipping,Lacrosse,Consumer,CA,91765,Fitness,33.9956665,-117.8156967,Rumania,2465,11/12/16 08:40,4,99.95999908,79.97000122,Eastern Europe,PROCESSING,93,Under Armour Men's Tech II T-Shirt,24.98999977,11/15/2016 8:40,Standard Class
TRANSFER,391.9599915,Advance shipping,Cardio Equipment,Consumer,OH,44035,Footwear,41.36125946,-82.11012268,Francia,1902,8/24/2015 2:38,4,399.9599915,391.9599915,Western Europe,PROCESSING,191,Nike Men's Free 5.0+ Running Shoe,99.98999786,8/27/2015 2:38,Standard Class
TRANSFER,387.9599915,Late delivery,Cardio Equipment,Consumer,NY,10467,Footwear,40.88479996,-73.86613464,Italia,5158,6/15/2015 0:17,4,399.9599915,387.9599915,Southern Europe,PROCESSING,191,Nike Men's Free 5.0+ Running Shoe,99.98999786,6/21/2015 0:17,Standard Class
TRANSFER,108.5999985,Shipping on time,Electronics,Consumer,TX,77036,Footwear,29.71482086,-95.51293945,Alemania,3138,08/11/15 06:41,4,111.9599991,108.5999985,Western Europe,PROCESSING,273,Under Armour Kids' Mercenary Slide,27.98999977,8/15/2015 6:41,Standard Class
TRANSFER,134.3600006,Advance shipping,Fitness Accessories,Consumer,CA,90023,Footwear,33.69957733,-118.0218811,Finlandia,777,09/03/15 23:39,4,139.9600067,134.3600006,Northern Europe,PROCESSING,235,Under Armour Hustle Storm Medium Duffle Bag,34.99000168,09/06/15 23:39,Standard Class
TRANSFER,383.9599915,Advance shipping,Cardio Equipment,Consumer,CA,94544,Footwear,37.63788986,-122.0765686,Alemania,2947,08/05/17 06:12,4,399.9599915,383.9599915,Western Europe,PROCESSING,191,Nike Men's Free 5.0+ Running Shoe,99.98999786,08/08/17 06:12,Standard Class
TRANSFER,114,Late delivery,Cardio Equipment,Consumer,WI,53215,Footwear,43.01760483,-87.9546051,Polonia,4839,11/19/2016 23:33,4,120,114,Eastern Europe,PROCESSING,172,Nike Women's Tempo Shorts,30,11/24/2016 23:33,Standard Class
TRANSFER,379.9599915,Advance shipping,Cardio Equipment,Consumer,NJ,7052,Footwear,40.77758408,-74.2411499,Suecia,1443,08/08/15 13:31,4,399.9599915,379.9599915,Northern Europe,PROCESSING,191,Nike Men's Free 5.0+ Running Shoe,99.98999786,08/11/15 13:31,Standard Class
TRANSFER,379.9599915,Advance shipping,As Seen on  TV!,Consumer,GA,30044,Footwear,33.94185257,-84.08663178,Francia,1449,07/01/17 17:38,4,399.9599915,379.9599915,Western Europe,PROCESSING,359,Nike Men's Free TR 5.0 TB Training Shoe,99.98999786,07/04/17 17:38,Standard Class
TRANSFER,371.9599915,Advance shipping,Cardio Equipment,Consumer,CT,6040,Footwear,41.7712059,-72.52085114,Países Bajos,3914,6/26/2017 22:01,4,399.9599915,371.9599915,Western Europe,PROCESSING,191,Nike Men's Free 5.0+ Running Shoe,99.98999786,6/29/2017 22:01,Standard Class
TRANSFER,359.9599915,Late delivery,Cardio Equipment,Consumer,NY,11224,Footwear,40.77700424,-73.31974793,Italia,134,6/21/2015 10:26,4,399.9599915,359.9599915,Southern Europe,PROCESSING,191,Nike Men's Free 5.0+ Running Shoe,99.98999786,6/27/2015 10:26,Standard Class
TRANSFER,339.9700012,Advance shipping,Cardio Equipment,Consumer,CA,91744,Footwear,34.02830887,-117.9406891,Alemania,4896,10/15/2015 14:08,4,399.9599915,339.9700012,Western Europe,PROCESSING,191,Nike Men's Free 5.0+ Running Shoe,99.98999786,10/18/2015 14:08,Standard Class
TRANSFER,339.9700012,Shipping on time,Cardio Equipment,Consumer,MA,2740,Footwear,41.63562393,-70.93080139,Alemania,3471,9/25/2017 21:01,4,399.9599915,339.9700012,Western Europe,PROCESSING,191,Nike Men's Free 5.0+ Running Shoe,99.98999786,9/29/2017 21:01,Standard Class
TRANSFER,335.9700012,Late delivery,Cardio Equipment,Consumer,CA,90027,Footwear,34.15971375,-118.4632416,España,3444,7/24/2017 4:28,4,399.9599915,335.9700012,Southern Europe,PROCESSING,191,Nike Men's Free 5.0+ Running Shoe,99.98999786,7/30/2017 4:28,Standard Class
TRANSFER,335.9700012,Advance shipping,Cardio Equipment,Consumer,CA,92392,Footwear,34.50935745,-117.3302917,Alemania,6005,6/18/2017 9:04,4,399.9599915,335.9700012,Western Europe,PROCESSING,191,Nike Men's Free 5.0+ Running Shoe,99.98999786,6/21/2017 9:04,Standard Class
TRANSFER,335.9700012,Advance shipping,Cardio Equipment,Consumer,VA,23223,Footwear,37.53337097,-77.41979218,Francia,12332,08/01/17 04:06,4,399.9599915,335.9700012,Western Europe,PROCESSING,191,Nike Men's Free 5.0+ Running Shoe,99.98999786,08/04/17 04:06,Standard Class
TRANSFER,327.9700012,Shipping on time,Cardio Equipment,Consumer,MO,63033,Footwear,38.80710983,-90.29780579,Italia,6049,8/28/2017 2:50,4,399.9599915,327.9700012,Southern Europe,PROCESSING,191,Nike Men's Free 5.0+ Running Shoe,99.98999786,09/01/17 02:50,Standard Class
TRANSFER,303.9700012,Late delivery,Boxing & MMA,Consumer,MD,21224,Footwear,39.29141998,-76.51338959,Alemania,12286,08/07/17 01:18,4,379.9599915,303.9700012,Western Europe,PROCESSING,258,Nike Women's Free 5.0 TR FIT PRT 4 Training S,94.98999786,8/13/2017 1:18,Standard Class
TRANSFER,319.9700012,Advance shipping,Cardio Equipment,Consumer,FL,32244,Footwear,30.19924736,-81.72353363,Francia,4552,6/23/2017 23:57,4,399.9599915,319.9700012,Western Europe,PROCESSING,191,Nike Men's Free 5.0+ Running Shoe,99.98999786,6/26/2017 23:57,Standard Class
TRANSFER,111.9700012,Advance shipping,Fitness Accessories,Consumer,CA,91744,Footwear,34.02830887,-117.9406891,Alemania,4896,10/15/2015 14:08,4,139.9600067,111.9700012,Western Europe,PROCESSING,235,Under Armour Hustle Storm Medium Duffle Bag,34.99000168,10/18/2015 14:08,Standard Class
TRANSFER,239.9600067,Late delivery,Cleats,Consumer,NY,14221,Apparel,42.9666214,-78.74194336,Alemania,4717,6/18/2015 15:31,4,239.9600067,239.9600067,Western Europe,PROCESSING,365,Perfect Fitness Perfect Rip Deck,59.99000168,6/23/2015 15:31,Standard Class
TRANSFER,237.5599976,Late delivery,Cleats,Consumer,FL,33175,Apparel,25.74613953,-80.39176178,Ucrania,4215,10/29/2016 19:54,4,239.9600067,237.5599976,Eastern Europe,PROCESSING,365,Perfect Fitness Perfect Rip Deck,59.99000168,11/04/16 19:54,Standard Class
TRANSFER,237.5599976,Advance shipping,Cleats,Consumer,CA,95014,Apparel,37.32278061,-122.062912,Francia,8115,6/21/2017 12:03,4,239.9600067,237.5599976,Western Europe,PROCESSING,365,Perfect Fitness Perfect Rip Deck,59.99000168,6/23/2017 12:03,Standard Class
TRANSFER,235.1600037,Late delivery,Cleats,Consumer,CO,80126,Apparel,39.522995,-104.9482193,España,8853,6/18/2015 6:46,4,239.9600067,235.1600037,Southern Europe,PROCESSING,365,Perfect Fitness Perfect Rip Deck,59.99000168,6/23/2015 6:46,Standard Class
TRANSFER,232.7599945,Late delivery,Cleats,Consumer,TX,78852,Apparel,28.71162415,-100.4991837,Austria,8196,7/24/2017 0:37,4,239.9600067,232.7599945,Western Europe,PROCESSING,365,Perfect Fitness Perfect Rip Deck,59.99000168,7/29/2017 0:37,Standard Class
TRANSFER,230.3600006,Late delivery,Cleats,Consumer,CA,92009,Apparel,33.0895195,-117.2552032,Alemania,11686,7/31/2015 6:32,4,239.9600067,230.3600006,Western Europe,PROCESSING,365,Perfect Fitness Perfect Rip Deck,59.99000168,08/05/15 06:32,Standard Class
TRANSFER,227.9600067,Shipping on time,Cleats,Consumer,CA,92504,Apparel,33.95330429,-117.3878937,Italia,8712,9/19/2017 10:52,4,239.9600067,227.9600067,Southern Europe,PROCESSING,365,Perfect Fitness Perfect Rip Deck,59.99000168,9/23/2017 10:52,Standard Class
TRANSFER,227.9600067,Shipping on time,Cleats,Consumer,CA,92026,Apparel,33.13012314,-117.0898895,Alemania,8470,6/24/2015 9:33,4,239.9600067,227.9600067,Western Europe,PROCESSING,365,Perfect Fitness Perfect Rip Deck,59.99000168,6/28/2015 9:33,Standard Class
TRANSFER,223.1600037,Advance shipping,Cleats,Consumer,OH,44035,Apparel,41.36125946,-82.11012268,Francia,1902,8/24/2015 2:38,4,239.9600067,223.1600037,Western Europe,PROCESSING,365,Perfect Fitness Perfect Rip Deck,59.99000168,8/27/2015 2:38,Standard Class
TRANSFER,218.3600006,Late delivery,Cleats,Consumer,GA,30058,Apparel,33.71007919,-84.11247253,Reino Unido,7504,8/13/2015 11:56,4,239.9600067,218.3600006,Northern Europe,PROCESSING,365,Perfect Fitness Perfect Rip Deck,59.99000168,8/19/2015 11:56,Standard Class
TRANSFER,218.3600006,Late delivery,Cleats,Consumer,CA,92335,Apparel,34.09395981,-117.4498901,Italia,9608,06/07/15 20:16,4,239.9600067,218.3600006,Southern Europe,PROCESSING,365,Perfect Fitness Perfect Rip Deck,59.99000168,06/12/15 20:16,Standard Class
TRANSFER,218.3600006,Late delivery,Cleats,Consumer,MO,63021,Apparel,38.58180618,-90.5594635,Francia,11760,7/26/2015 23:11,4,239.9600067,218.3600006,Western Europe,PROCESSING,365,Perfect Fitness Perfect Rip Deck,59.99000168,7/31/2015 23:11,Standard Class
TRANSFER,215.9600067,Late delivery,Cleats,Consumer,NY,11220,Apparel,40.6416893,-74.01692963,Países Bajos,1996,8/19/2015 21:45,4,239.9600067,215.9600067,Western Europe,PROCESSING,365,Perfect Fitness Perfect Rip Deck,59.99000168,8/24/2015 21:45,Standard Class
TRANSFER,211.1600037,Late delivery,Cleats,Consumer,PA,17013,Apparel,40.21395493,-77.18697357,Reino Unido,8703,07/12/15 08:50,4,239.9600067,211.1600037,Northern Europe,PROCESSING,365,Perfect Fitness Perfect Rip Deck,59.99000168,7/17/2015 8:50,Standard Class
TRANSFER,211.1600037,Late delivery,Cleats,Consumer,TX,78130,Apparel,29.58674431,-97.98742676,Italia,11078,9/29/2017 20:19,4,239.9600067,211.1600037,Southern Europe,PROCESSING,365,Perfect Fitness Perfect Rip Deck,59.99000168,10/05/17 20:19,Standard Class
TRANSFER,211.1600037,Late delivery,Cleats,Consumer,MO,63301,Apparel,38.78551102,-90.48577881,Francia,7766,9/18/2015 0:41,4,239.9600067,211.1600037,Western Europe,PROCESSING,365,Perfect Fitness Perfect Rip Deck,59.99000168,9/23/2015 0:41,Standard Class
TRANSFER,211.1600037,Advance shipping,Cleats,Consumer,NY,10977,Apparel,42.33480835,-74.93064117,Francia,2717,10/04/15 06:16,4,239.9600067,211.1600037,Western Europe,PROCESSING,365,Perfect Fitness Perfect Rip Deck,59.99000168,10/06/15 06:16,Standard Class
TRANSFER,211.1600037,Late delivery,Cleats,Consumer,WI,53704,Apparel,43.09559631,-89.35118866,Alemania,9324,08/07/17 13:33,4,239.9600067,211.1600037,Western Europe,PROCESSING,365,Perfect Fitness Perfect Rip Deck,59.99000168,8/13/2017 13:33,Standard Class
TRANSFER,208.7700043,Advance shipping,Cleats,Consumer,NJ,7052,Apparel,40.77758408,-74.2411499,Suecia,1443,08/08/15 13:31,4,239.9600067,208.7700043,Northern Europe,PROCESSING,365,Perfect Fitness Perfect Rip Deck,59.99000168,08/11/15 13:31,Standard Class
TRANSFER,208.7700043,Shipping on time,Cleats,Consumer,NV,89121,Apparel,36.0839386,-115.1725845,Irlanda,8188,10/04/15 05:13,4,239.9600067,208.7700043,Northern Europe,PROCESSING,365,Perfect Fitness Perfect Rip Deck,59.99000168,10/08/15 05:13,Standard Class
TRANSFER,208.7700043,Late delivery,Cleats,Consumer,NM,87105,Apparel,35.06517029,-106.6699524,Francia,3938,09/01/17 12:39,4,239.9600067,208.7700043,Western Europe,PROCESSING,365,Perfect Fitness Perfect Rip Deck,59.99000168,09/07/17 12:39,Standard Class
TRANSFER,208.7700043,Late delivery,Cleats,Consumer,SC,29445,Apparel,32.96281815,-80.01170349,Alemania,11700,6/26/2015 6:03,4,239.9600067,208.7700043,Western Europe,PROCESSING,365,Perfect Fitness Perfect Rip Deck,59.99000168,07/02/15 06:03,Standard Class
TRANSFER,203.9700012,Advance shipping,Cleats,Consumer,CA,92009,Apparel,33.0895195,-117.2552032,España,11686,10/07/15 02:56,4,239.9600067,203.9700012,Southern Europe,PROCESSING,365,Perfect Fitness Perfect Rip Deck,59.99000168,10/10/15 02:56,Standard Class
TRANSFER,203.9700012,Advance shipping,Cleats,Consumer,FL,33624,Apparel,28.03951073,-82.46056366,Italia,8148,6/19/2015 20:15,4,239.9600067,203.9700012,Southern Europe,PROCESSING,365,Perfect Fitness Perfect Rip Deck,59.99000168,6/21/2015 20:15,Standard Class
TRANSFER,203.9700012,Late delivery,Cleats,Consumer,NJ,7111,Apparel,40.73097992,-74.22322846,Francia,4308,7/22/2017 1:40,4,239.9600067,203.9700012,Western Europe,PROCESSING,365,Perfect Fitness Perfect Rip Deck,59.99000168,7/28/2017 1:40,Standard Class
TRANSFER,203.9700012,Late delivery,Cleats,Consumer,SC,29445,Apparel,32.96281815,-80.01170349,Alemania,11700,6/26/2015 6:03,4,239.9600067,203.9700012,Western Europe,PROCESSING,365,Perfect Fitness Perfect Rip Deck,59.99000168,07/02/15 06:03,Standard Class
TRANSFER,201.5700073,Advance shipping,Cleats,Consumer,CA,91764,Apparel,34.07656479,-117.61409,Francia,2553,07/11/17 07:07,4,239.9600067,201.5700073,Western Europe,PROCESSING,365,Perfect Fitness Perfect Rip Deck,59.99000168,7/14/2017 7:07,Standard Class
TRANSFER,201.5700073,Advance shipping,Cleats,Consumer,NY,10467,Apparel,40.87416458,-73.8703537,Francia,12416,8/15/2017 7:56,4,239.9600067,201.5700073,Western Europe,PROCESSING,365,Perfect Fitness Perfect Rip Deck,59.99000168,8/18/2017 7:56,Standard Class
TRANSFER,201.5700073,Late delivery,Cleats,Consumer,TX,78577,Apparel,26.19762421,-98.19145203,Alemania,1733,10/01/17 08:45,4,239.9600067,201.5700073,Western Europe,PROCESSING,365,Perfect Fitness Perfect Rip Deck,59.99000168,10/06/17 08:45,Standard Class
TRANSFER,199.1699982,Late delivery,Cleats,Consumer,NY,10701,Apparel,40.92575073,-73.87052155,Bielorrusia,245,9/15/2016 21:01,4,239.9600067,199.1699982,Eastern Europe,PROCESSING,365,Perfect Fitness Perfect Rip Deck,59.99000168,9/20/2016 21:01,Standard Class
TRANSFER,191.9700012,Shipping on time,Cleats,Consumer,CA,91732,Apparel,34.19438171,-118.1662979,Noruega,7457,6/18/2015 16:55,4,239.9600067,191.9700012,Northern Europe,PROCESSING,365,Perfect Fitness Perfect Rip Deck,59.99000168,6/22/2015 16:55,Standard Class
TRANSFER,191.9700012,Late delivery,Cleats,Consumer,HI,96816,Apparel,21.28647041,-157.7978058,Alemania,2861,06/07/15 01:00,4,239.9600067,191.9700012,Western Europe,PROCESSING,365,Perfect Fitness Perfect Rip Deck,59.99000168,06/12/15 01:00,Standard Class
TRANSFER,179.9700012,Late delivery,Cleats,Consumer,TX,78577,Apparel,26.19762421,-98.19145203,Croacia,6168,11/23/2016 8:08,4,239.9600067,179.9700012,Southern Europe,PROCESSING,365,Perfect Fitness Perfect Rip Deck,59.99000168,11/28/2016 8:08,Standard Class
TRANSFER,200,Late delivery,Women's Apparel,Consumer,CA,91306,Golf,34.20909119,-118.5710068,Reino Unido,3980,10/16/2015 15:42,4,200,200,Northern Europe,PROCESSING,502,Nike Men's Dri-FIT Victory Golf Polo,50,10/22/2015 15:42,Standard Class
TRANSFER,159.9600067,Advance shipping,Shop By Sport,Consumer,FL,33064,Golf,26.28325081,-80.09656525,Italia,8488,09/03/17 09:08,4,159.9600067,159.9600067,Southern Europe,PROCESSING,627,Under Armour Girls' Toddler Spine Surge Runni,39.99000168,09/06/17 09:08,Standard Class
TRANSFER,159.9600067,Late delivery,Shop By Sport,Consumer,OH,43068,Golf,39.95420075,-82.8127594,España,2278,8/17/2015 12:17,4,159.9600067,159.9600067,Southern Europe,PROCESSING,627,Under Armour Girls' Toddler Spine Surge Runni,39.99000168,8/23/2015 12:17,Standard Class
TRANSFER,200,Late delivery,Women's Apparel,Consumer,MI,48212,Golf,42.38851166,-83.0442276,Alemania,10823,9/21/2015 0:30,4,200,200,Western Europe,PROCESSING,502,Nike Men's Dri-FIT Victory Golf Polo,50,9/26/2015 0:30,Standard Class
TRANSFER,158.3600006,Advance shipping,Shop By Sport,Consumer,IL,60440,Golf,41.72460938,-88.0645752,Italia,11928,08/10/15 04:04,4,159.9600067,158.3600006,Southern Europe,PROCESSING,627,Under Armour Girls' Toddler Spine Surge Runni,39.99000168,8/13/2015 4:04,Standard Class
TRANSFER,198,Shipping on time,Women's Apparel,Consumer,CA,93535,Golf,34.69703293,-118.0883026,Francia,11388,7/29/2015 15:38,4,200,198,Western Europe,PROCESSING,502,Nike Men's Dri-FIT Victory Golf Polo,50,08/02/15 15:38,Standard Class
TRANSFER,156.7599945,Late delivery,Shop By Sport,Consumer,CA,94587,Golf,37.58462524,-122.0175552,Alemania,6248,9/13/2015 17:41,4,159.9600067,156.7599945,Western Europe,PROCESSING,627,Under Armour Girls' Toddler Spine Surge Runni,39.99000168,9/19/2015 17:41,Standard Class
TRANSFER,196,Late delivery,Women's Apparel,Consumer,OH,44256,Golf,41.13618469,-81.73908234,Alemania,4789,8/22/2015 5:48,4,200,196,Western Europe,PROCESSING,502,Nike Men's Dri-FIT Victory Golf Polo,50,8/27/2015 5:48,Standard Class
TRANSFER,155.1600037,Shipping on time,Shop By Sport,Consumer,FL,33313,Golf,26.15128136,-80.21017456,Francia,9253,6/27/2015 11:08,4,159.9600067,155.1600037,Western Europe,PROCESSING,627,Under Armour Girls' Toddler Spine Surge Runni,39.99000168,07/01/15 11:08,Standard Class
TRANSFER,194,Late delivery,Women's Apparel,Consumer,CA,92346,Golf,34.42950821,-116.9525146,Francia,10961,07/11/17 02:54,4,200,194,Western Europe,PROCESSING,502,Nike Men's Dri-FIT Victory Golf Polo,50,7/17/2017 2:54,Standard Class
TRANSFER,194,Late delivery,Women's Apparel,Consumer,CA,90019,Golf,34.20995331,-118.4617996,Francia,188,6/23/2015 11:29,4,200,194,Western Europe,PROCESSING,502,Nike Men's Dri-FIT Victory Golf Polo,50,6/29/2015 11:29,Standard Class
TRANSFER,194,Advance shipping,Women's Apparel,Consumer,VA,23223,Golf,37.53337097,-77.41979218,Francia,12332,08/01/17 04:06,4,200,194,Western Europe,PROCESSING,502,Nike Men's Dri-FIT Victory Golf Polo,50,08/04/17 04:06,Standard Class
TRANSFER,192,Late delivery,Women's Apparel,Consumer,MI,48066,Golf,42.4993248,-82.93652344,Alemania,11741,07/02/15 21:06,4,200,192,Western Europe,PROCESSING,502,Nike Men's Dri-FIT Victory Golf Polo,50,07/07/15 21:06,Standard Class
TRANSFER,190,Late delivery,Women's Apparel,Consumer,AR,72401,Golf,35.85791779,-90.65527344,Francia,3971,6/25/2017 22:33,4,200,190,Western Europe,PROCESSING,502,Nike Men's Dri-FIT Victory Golf Polo,50,07/01/17 22:33,Standard Class
TRANSFER,189,Advance shipping,Women's Apparel,Consumer,CA,95758,Golf,38.41569519,-121.4185638,Reino Unido,2141,8/17/2017 1:38,4,200,189,Northern Europe,PROCESSING,502,Nike Men's Dri-FIT Victory Golf Polo,50,8/19/2017 1:38,Standard Class
TRANSFER,189,Late delivery,Women's Apparel,Consumer,FL,32308,Golf,30.49506187,-84.24580383,Francia,12280,8/20/2017 22:07,4,200,189,Western Europe,PROCESSING,502,Nike Men's Dri-FIT Victory Golf Polo,50,8/26/2017 22:07,Standard Class
TRANSFER,145.5599976,Late delivery,Shop By Sport,Consumer,CA,92057,Golf,33.22548676,-117.3070679,Lituania,4742,01/12/17 01:24,4,159.9600067,145.5599976,Northern Europe,PROCESSING,627,Under Armour Girls' Toddler Spine Surge Runni,39.99000168,1/18/2017 1:24,Standard Class
TRANSFER,145.5599976,Advance shipping,Shop By Sport,Consumer,NV,89030,Golf,36.24799728,-115.0415192,Reino Unido,3559,7/16/2017 14:38,4,159.9600067,145.5599976,Northern Europe,PROCESSING,627,Under Armour Girls' Toddler Spine Surge Runni,39.99000168,7/18/2017 14:38,Standard Class
TRANSFER,182,Late delivery,Women's Apparel,Consumer,NJ,8302,Golf,39.45430374,-75.26563263,Reino Unido,638,8/15/2015 14:23,4,200,182,Northern Europe,PROCESSING,502,Nike Men's Dri-FIT Victory Golf Polo,50,8/20/2015 14:23,Standard Class
TRANSFER,180,Late delivery,Women's Apparel,Consumer,CA,92833,Golf,33.86329651,-117.9716263,Ucrania,2110,12/10/16 08:38,4,200,180,Eastern Europe,PROCESSING,502,Nike Men's Dri-FIT Victory Golf Polo,50,12/16/2016 8:38,Standard Class
TRANSFER,180,Advance shipping,Women's Apparel,Consumer,NY,10457,Golf,40.87142944,-73.87063599,Rusia,11011,11/06/16 22:42,4,200,180,Eastern Europe,PROCESSING,502,Nike Men's Dri-FIT Victory Golf Polo,50,11/08/16 22:42,Standard Class
TRANSFER,180,Late delivery,Women's Apparel,Consumer,MA,2740,Golf,41.6280365,-70.92701721,Reino Unido,9821,8/31/2017 4:46,4,200,180,Northern Europe,PROCESSING,502,Nike Men's Dri-FIT Victory Golf Polo,50,09/05/17 04:46,Standard Class
TRANSFER,180,Advance shipping,Women's Apparel,Consumer,CA,92024,Golf,33.04647064,-117.2896729,Francia,11731,8/15/2015 1:26,4,200,180,Western Europe,PROCESSING,502,Nike Men's Dri-FIT Victory Golf Polo,50,8/18/2015 1:26,Standard Class
TRANSFER,176,Late delivery,Women's Apparel,Consumer,CA,92009,Golf,33.10355759,-117.2678757,Reino Unido,341,8/28/2017 13:42,4,200,176,Northern Europe,PROCESSING,502,Nike Men's Dri-FIT Victory Golf Polo,50,09/02/17 13:42,Standard Class
TRANSFER,140.7599945,Advance shipping,Shop By Sport,Consumer,CA,90640,Golf,34.03489304,-118.0805359,Alemania,5977,8/21/2017 10:44,4,159.9600067,140.7599945,Western Europe,PROCESSING,627,Under Armour Girls' Toddler Spine Surge Runni,39.99000168,8/23/2017 10:44,Standard Class
TRANSFER,176,Late delivery,Women's Apparel,Consumer,HI,96816,Golf,21.28647041,-157.7978058,Alemania,2861,06/07/15 01:00,4,200,176,Western Europe,PROCESSING,502,Nike Men's Dri-FIT Victory Golf Polo,50,06/12/15 01:00,Standard Class
TRANSFER,174,Late delivery,Women's Apparel,Consumer,WI,53215,Golf,43.01760483,-87.9546051,Polonia,4839,11/19/2016 23:33,4,200,174,Eastern Europe,PROCESSING,502,Nike Men's Dri-FIT Victory Golf Polo,50,11/24/2016 23:33,Standard Class
TRANSFER,135.9700012,Late delivery,Shop By Sport,Consumer,NY,11220,Golf,40.6416893,-74.01692963,Países Bajos,1996,8/19/2015 21:45,4,159.9600067,135.9700012,Western Europe,PROCESSING,627,Under Armour Girls' Toddler Spine Surge Runni,39.99000168,8/24/2015 21:45,Standard Class
TRANSFER,170,Advance shipping,Women's Apparel,Consumer,CA,94109,Golf,37.80408478,-122.4188538,Países Bajos,9459,7/31/2015 9:20,4,200,170,Western Europe,PROCESSING,502,Nike Men's Dri-FIT Victory Golf Polo,50,08/03/15 09:20,Standard Class
TRANSFER,170,Late delivery,Women's Apparel,Consumer,GA,30907,Golf,33.52104187,-82.04935455,Suiza,4187,08/08/15 08:58,4,200,170,Western Europe,PROCESSING,502,Nike Men's Dri-FIT Victory Golf Polo,50,8/13/2015 8:58,Standard Class
TRANSFER,170,Shipping on time,Women's Apparel,Consumer,IL,60025,Golf,42.0731163,-87.85407257,Francia,1015,8/19/2015 16:08,4,200,170,Western Europe,PROCESSING,502,Nike Men's Dri-FIT Victory Golf Polo,50,8/23/2015 16:08,Standard Class
TRANSFER,134.3699951,Advance shipping,Shop By Sport,Consumer,IL,60647,Golf,41.91740036,-87.68401337,Francia,9252,6/22/2015 23:34,4,159.9600067,134.3699951,Western Europe,PROCESSING,627,Under Armour Girls' Toddler Spine Surge Runni,39.99000168,6/24/2015 23:34,Standard Class
TRANSFER,168,Late delivery,Women's Apparel,Consumer,AZ,85282,Golf,33.40329361,-111.9140549,Alemania,2975,7/28/2017 14:58,4,200,168,Western Europe,PROCESSING,502,Nike Men's Dri-FIT Victory Golf Polo,50,08/02/17 14:58,Standard Class
TRANSFER,168,Advance shipping,Women's Apparel,Consumer,NY,11520,Golf,40.65486527,-73.58707428,Francia,4452,7/20/2017 4:49,4,200,168,Western Europe,PROCESSING,502,Nike Men's Dri-FIT Victory Golf Polo,50,7/23/2017 4:49,Standard Class
TRANSFER,166,Advance shipping,Women's Apparel,Consumer,CA,95111,Golf,37.26375961,-121.8059616,Reino Unido,6652,9/16/2017 19:06,4,200,166,Northern Europe,PROCESSING,502,Nike Men's Dri-FIT Victory Golf Polo,50,9/18/2017 19:06,Standard Class
TRANSFER,166,Advance shipping,Women's Apparel,Consumer,SC,29730,Golf,34.80184555,-81.09809113,España,3365,9/21/2015 6:27,4,200,166,Southern Europe,PROCESSING,502,Nike Men's Dri-FIT Victory Golf Polo,50,9/23/2015 6:27,Standard Class
TRANSFER,164,Advance shipping,Women's Apparel,Consumer,NY,13440,Golf,43.21662521,-75.45603943,Reino Unido,3369,9/27/2015 18:43,4,200,164,Northern Europe,PROCESSING,502,Nike Men's Dri-FIT Victory Golf Polo,50,9/30/2015 18:43,Standard Class
TRANSFER,164,Advance shipping,Women's Apparel,Consumer,FL,33624,Golf,28.03951073,-82.46056366,Italia,8148,6/19/2015 20:15,4,200,164,Southern Europe,PROCESSING,502,Nike Men's Dri-FIT Victory Golf Polo,50,6/21/2015 20:15,Standard Class
TRANSFER,164,Late delivery,Women's Apparel,Consumer,IL,60660,Golf,33.88656235,-117.9215698,Italia,895,6/30/2017 21:40,4,200,164,Southern Europe,PROCESSING,502,Nike Men's Dri-FIT Victory Golf Polo,50,07/06/17 21:40,Standard Class
TRANSFER,131.1699982,Advance shipping,Shop By Sport,Consumer,CA,90037,Golf,33.95993424,-118.3780823,Alemania,12019,7/14/2017 3:26,4,159.9600067,131.1699982,Western Europe,PROCESSING,627,Under Armour Girls' Toddler Spine Surge Runni,39.99000168,7/17/2017 3:26,Standard Class
TRANSFER,160,Late delivery,Women's Apparel,Consumer,MA,2740,Golf,41.6280365,-70.92701721,Rusia,7390,10/25/2016 12:33,4,200,160,Eastern Europe,PROCESSING,502,Nike Men's Dri-FIT Victory Golf Polo,50,10/31/2016 12:33,Standard Class
TRANSFER,150,Late delivery,Women's Apparel,Consumer,AZ,85746,Golf,32.15084076,-111.0030136,Rumania,2149,10/03/16 18:11,4,200,150,Eastern Europe,PROCESSING,502,Nike Men's Dri-FIT Victory Golf Polo,50,10/08/16 18:11,Standard Class
TRANSFER,150,Late delivery,Women's Apparel,Consumer,TX,78753,Golf,30.35012245,-97.69873047,Reino Unido,6075,7/23/2017 5:21,4,200,150,Northern Europe,PROCESSING,502,Nike Men's Dri-FIT Victory Golf Polo,50,7/28/2017 5:21,Standard Class
TRANSFER,97.95999908,Advance shipping,Accessories,Consumer,AZ,85254,Outdoors,33.59082031,-111.9261398,Reino Unido,5481,8/30/2015 16:18,4,99.95999908,97.95999908,Northern Europe,PROCESSING,906,Team Golf Tennessee Volunteers Putter Grip,24.98999977,09/02/15 16:18,Standard Class
TRANSFER,199.6399994,Late delivery,Electronics,Consumer,CA,92507,Outdoors,33.98527527,-117.3377075,Reino Unido,10731,09/05/15 11:44,4,207.9600067,199.6399994,Northern Europe,PROCESSING,821,Titleist Pro V1 High Numbers Personalized Gol,51.99000168,09/11/15 11:44,Standard Class
TRANSFER,65.5699997,Shipping on time,Golf Balls,Consumer,CA,91732,Outdoors,34.19438171,-118.1662979,Noruega,7457,6/18/2015 16:55,4,79.95999908,65.5699997,Northern Europe,PROCESSING,804,Glove It Women's Imperial Golf Glove,19.98999977,6/22/2015 16:55,Standard Class
TRANSFER,107.4800034,Shipping canceled,Electronics,Consumer,CA,95060,Footwear,36.97051239,-122.0238266,Alemania,11654,7/27/2015 10:02,4,111.9599991,107.4800034,Western Europe,SUSPECTED_FRAUD,273,Under Armour Kids' Mercenary Slide,27.98999977,08/02/15 10:02,Standard Class
TRANSFER,379.9599915,Shipping canceled,Cardio Equipment,Consumer,OR,97045,Footwear,45.35498428,-122.6026993,Francia,6397,6/21/2017 19:45,4,399.9599915,379.9599915,Western Europe,SUSPECTED_FRAUD,191,Nike Men's Free 5.0+ Running Shoe,99.98999786,6/25/2017 19:45,Standard Class
TRANSFER,335.9700012,Shipping canceled,Cardio Equipment,Consumer,TX,75217,Footwear,32.71303558,-96.69631958,Reino Unido,6906,09/03/15 09:17,4,399.9599915,335.9700012,Northern Europe,SUSPECTED_FRAUD,191,Nike Men's Free 5.0+ Running Shoe,99.98999786,09/05/15 09:17,Standard Class
TRANSFER,331.9700012,Shipping canceled,Cardio Equipment,Consumer,CA,92026,Footwear,33.13901901,-117.0928192,Alemania,6600,6/30/2017 3:48,4,399.9599915,331.9700012,Western Europe,SUSPECTED_FRAUD,191,Nike Men's Free 5.0+ Running Shoe,99.98999786,07/05/17 03:48,Standard Class
TRANSFER,232.7599945,Shipping canceled,Cleats,Consumer,NY,14150,Apparel,42.9422493,-78.89958954,Francia,11073,8/30/2017 17:12,4,239.9600067,232.7599945,Western Europe,SUSPECTED_FRAUD,365,Perfect Fitness Perfect Rip Deck,59.99000168,09/01/17 17:12,Standard Class
TRANSFER,223.1600037,Shipping canceled,Cleats,Consumer,VA,22003,Apparel,38.82551575,-77.21334839,Ucrania,1191,9/27/2016 17:30,4,239.9600067,223.1600037,Eastern Europe,SUSPECTED_FRAUD,365,Perfect Fitness Perfect Rip Deck,59.99000168,9/29/2016 17:30,Standard Class
TRANSFER,223.1600037,Shipping canceled,Cleats,Consumer,TN,38118,Apparel,35.06880951,-89.9284668,España,8102,8/29/2015 5:58,4,239.9600067,223.1600037,Southern Europe,SUSPECTED_FRAUD,365,Perfect Fitness Perfect Rip Deck,59.99000168,09/03/15 05:58,Standard Class
TRANSFER,211.1600037,Shipping canceled,Cleats,Consumer,IL,60187,Apparel,41.86656189,-88.10800171,Francia,7051,8/23/2015 15:26,4,239.9600067,211.1600037,Western Europe,SUSPECTED_FRAUD,365,Perfect Fitness Perfect Rip Deck,59.99000168,8/29/2015 15:26,Standard Class
TRANSFER,208.7700043,Shipping canceled,Cleats,Consumer,TX,75023,Apparel,33.03203583,-96.84355927,Reino Unido,4044,9/29/2015 18:00,4,239.9600067,208.7700043,Northern Europe,SUSPECTED_FRAUD,365,Perfect Fitness Perfect Rip Deck,59.99000168,10/02/15 18:00,Standard Class
TRANSFER,201.5700073,Shipping canceled,Cleats,Consumer,NJ,8854,Apparel,40.49956513,-74.44915009,Italia,235,09/12/15 12:15,4,239.9600067,201.5700073,Southern Europe,SUSPECTED_FRAUD,365,Perfect Fitness Perfect Rip Deck,59.99000168,9/14/2015 12:15,Standard Class
TRANSFER,179.9700012,Shipping canceled,Cleats,Consumer,FL,33155,Apparel,25.73170471,-80.30670166,Italia,703,10/13/2015 5:22,4,239.9600067,179.9700012,Southern Europe,SUSPECTED_FRAUD,365,Perfect Fitness Perfect Rip Deck,59.99000168,10/19/2015 5:22,Standard Class
TRANSFER,200,Shipping canceled,Women's Apparel,Consumer,ND,58501,Golf,46.81184387,-100.7877197,Reino Unido,5289,8/18/2017 21:46,4,200,200,Northern Europe,SUSPECTED_FRAUD,502,Nike Men's Dri-FIT Victory Golf Polo,50,8/21/2017 21:46,Standard Class
TRANSFER,198,Shipping canceled,Women's Apparel,Consumer,VA,23322,Golf,36.70524979,-76.2432785,Austria,3916,7/17/2015 8:39,4,200,198,Western Europe,SUSPECTED_FRAUD,502,Nike Men's Dri-FIT Victory Golf Polo,50,7/19/2015 8:39,Standard Class
TRANSFER,151.9600067,Shipping canceled,Shop By Sport,Consumer,NJ,8854,Golf,40.49956513,-74.44915009,Italia,235,09/12/15 12:15,4,159.9600067,151.9600067,Southern Europe,SUSPECTED_FRAUD,627,Under Armour Girls' Toddler Spine Surge Runni,39.99000168,9/14/2015 12:15,Standard Class
TRANSFER,190,Shipping canceled,Women's Apparel,Consumer,NJ,8753,Golf,39.95728302,-74.19393158,España,9600,7/26/2017 7:37,4,200,190,Southern Europe,SUSPECTED_FRAUD,502,Nike Men's Dri-FIT Victory Golf Polo,50,7/28/2017 7:37,Standard Class
TRANSFER,176,Shipping canceled,Women's Apparel,Consumer,VA,22003,Golf,38.82551575,-77.21334839,Ucrania,1191,9/27/2016 17:30,4,200,176,Eastern Europe,SUSPECTED_FRAUD,502,Nike Men's Dri-FIT Victory Golf Polo,50,9/29/2016 17:30,Standard Class
TRANSFER,140.7599945,Shipping canceled,Shop By Sport,Consumer,CA,90063,Golf,34.04621506,-118.1860352,Francia,9107,9/21/2017 5:58,4,159.9600067,140.7599945,Western Europe,SUSPECTED_FRAUD,627,Under Armour Girls' Toddler Spine Surge Runni,39.99000168,9/23/2017 5:58,Standard Class
TRANSFER,140.7599945,Shipping canceled,Shop By Sport,Consumer,CA,92084,Golf,33.23309708,-117.2240524,Francia,5979,07/02/17 17:49,4,159.9600067,140.7599945,Western Europe,SUSPECTED_FRAUD,627,Under Armour Girls' Toddler Spine Surge Runni,39.99000168,07/04/17 17:49,Standard Class
TRANSFER,170,Shipping canceled,Women's Apparel,Consumer,TX,75217,Golf,32.71303558,-96.69631958,Reino Unido,6906,09/03/15 09:17,4,200,170,Northern Europe,SUSPECTED_FRAUD,502,Nike Men's Dri-FIT Victory Golf Polo,50,09/05/15 09:17,Standard Class
TRANSFER,132.7700043,Shipping canceled,Shop By Sport,Consumer,IL,60102,Golf,42.17568588,-88.37289429,Francia,3934,08/12/15 00:12,4,159.9600067,132.7700043,Western Europe,SUSPECTED_FRAUD,627,Under Armour Girls' Toddler Spine Surge Runni,39.99000168,8/16/2015 0:12,Standard Class
TRANSFER,150,Shipping canceled,Women's Apparel,Consumer,CO,80013,Golf,39.49591446,-98.98998261,Francia,9426,10/10/15 02:45,4,200,150,Western Europe,SUSPECTED_FRAUD,502,Nike Men's Dri-FIT Victory Golf Polo,50,10/13/2015 2:45,Standard Class
TRANSFER,201.7200012,Shipping canceled,Electronics,Consumer,PA,19144,Outdoors,40.03124619,-75.18191528,España,2513,09/07/15 15:56,4,207.9600067,201.7200012,Southern Europe,SUSPECTED_FRAUD,823,Titleist Pro V1x High Numbers Personalized Go,51.99000168,09/12/15 15:56,Standard Class
TRANSFER,95.97000122,Shipping canceled,Electronics,Consumer,NJ,8854,Outdoors,40.49956513,-74.44915009,Italia,235,09/12/15 12:15,4,127.9599991,95.97000122,Southern Europe,SUSPECTED_FRAUD,825,Bridgestone e6 Straight Distance NFL Tennesse,31.98999977,9/14/2015 12:15,Standard Class
TRANSFER,208.7700043,Shipping canceled,Baseball & Softball,Consumer,CA,92025,Fitness,34.49317551,-118.2203522,Panamá,10632,02/12/15 03:05,4,239.9600067,208.7700043,Central America,CANCELED,44,adidas Men's F10 Messi TRX FG Soccer Cleat,59.99000168,2/15/2015 3:05,Standard Class
TRANSFER,395.9599915,Shipping canceled,Cardio Equipment,Consumer,IL,60608,Footwear,41.89491653,-87.76180267,México,11947,1/18/2015 7:09,4,399.9599915,395.9599915,Central America,CANCELED,191,Nike Men's Free 5.0+ Running Shoe,99.98999786,1/20/2015 7:09,Standard Class
TRANSFER,335.9700012,Shipping canceled,Cardio Equipment,Consumer,MI,48224,Footwear,42.41482544,-82.9394455,Argentina,9154,05/04/15 21:22,4,399.9599915,335.9700012,South America,CANCELED,191,Nike Men's Free 5.0+ Running Shoe,99.98999786,05/08/15 21:22,Standard Class
TRANSFER,319.9700012,Shipping canceled,Cardio Equipment,Consumer,CA,95127,Footwear,37.37883377,-121.8303375,México,9897,3/13/2017 20:35,4,399.9599915,319.9700012,Central America,CANCELED,191,Nike Men's Free 5.0+ Running Shoe,99.98999786,3/19/2017 20:35,Standard Class
TRANSFER,218.3600006,Shipping canceled,Cleats,Consumer,GA,30067,Apparel,33.9172287,-84.47109222,Panamá,11198,3/16/2017 19:01,4,239.9600067,218.3600006,Central America,CANCELED,365,Perfect Fitness Perfect Rip Deck,59.99000168,3/18/2017 19:01,Standard Class
TRANSFER,203.9700012,Shipping canceled,Cleats,Consumer,IL,60608,Apparel,41.89491653,-87.76180267,México,11947,1/18/2015 7:09,4,239.9600067,203.9700012,Central America,CANCELED,365,Perfect Fitness Perfect Rip Deck,59.99000168,1/20/2015 7:09,Standard Class
TRANSFER,203.9700012,Shipping canceled,Cleats,Consumer,IL,61554,Apparel,40.56959915,-89.64508057,Brasil,1753,1/21/2015 4:10,4,239.9600067,203.9700012,South America,CANCELED,365,Perfect Fitness Perfect Rip Deck,59.99000168,1/25/2015 4:10,Standard Class
TRANSFER,201.5700073,Shipping canceled,Cleats,Consumer,CA,92705,Apparel,33.96364975,-118.2096863,Colombia,2790,2/21/2017 3:27,4,239.9600067,201.5700073,South America,CANCELED,365,Perfect Fitness Perfect Rip Deck,59.99000168,2/23/2017 3:27,Standard Class
TRANSFER,201.5700073,Shipping canceled,Cleats,Consumer,IL,61554,Apparel,40.56959915,-89.64508057,Brasil,1753,1/21/2015 4:10,4,239.9600067,201.5700073,South America,CANCELED,365,Perfect Fitness Perfect Rip Deck,59.99000168,1/25/2015 4:10,Standard Class
TRANSFER,199.1699982,Shipping canceled,Cleats,Consumer,TX,75227,Apparel,32.76312256,-96.69212341,Cuba,1756,4/19/2017 1:06,4,239.9600067,199.1699982,Caribbean,CANCELED,365,Perfect Fitness Perfect Rip Deck,59.99000168,4/24/2017 1:06,Standard Class
TRANSFER,199.1699982,Shipping canceled,Cleats,Consumer,CA,91351,Apparel,34.43691254,-118.4601517,Brasil,10042,01/11/15 18:12,4,239.9600067,199.1699982,South America,CANCELED,365,Perfect Fitness Perfect Rip Deck,59.99000168,1/15/2015 18:12,Standard Class
TRANSFER,199.1699982,Shipping canceled,Cleats,Consumer,IN,46226,Apparel,40.02439499,-86.44609833,Brasil,9698,04/04/17 09:42,4,239.9600067,199.1699982,South America,CANCELED,365,Perfect Fitness Perfect Rip Deck,59.99000168,04/06/17 09:42,Standard Class
TRANSFER,199.1699982,Shipping canceled,Cleats,Consumer,MI,48224,Apparel,42.41482544,-82.9394455,Argentina,9154,05/04/15 21:22,4,239.9600067,199.1699982,South America,CANCELED,365,Perfect Fitness Perfect Rip Deck,59.99000168,05/08/15 21:22,Standard Class
DEBIT,248.9600067,Advance shipping,Cleats,Consumer,NY,10458,Apparel,40.83815384,-73.87194824,Francia,6524,07/10/17 16:45,5,299.9500122,248.9600067,Western Europe,COMPLETE,365,Perfect Fitness Perfect Rip Deck,59.99000168,07/12/17 16:45,Standard Class
DEBIT,245.9600067,Late delivery,Cleats,Consumer,MA,2360,Apparel,41.92736816,-70.7484436,Países Bajos,2792,8/31/2017 3:22,5,299.9500122,245.9600067,Western Europe,COMPLETE,365,Perfect Fitness Perfect Rip Deck,59.99000168,09/06/17 03:22,Standard Class
DEBIT,245.9600067,Late delivery,Cleats,Consumer,MI,48205,Apparel,42.42877197,-82.98252869,Francia,5209,9/18/2015 7:41,5,299.9500122,245.9600067,Western Europe,COMPLETE,365,Perfect Fitness Perfect Rip Deck,59.99000168,9/23/2015 7:41,Standard Class
DEBIT,245.9600067,Advance shipping,Cleats,Consumer,NJ,8540,Apparel,40.35742188,-74.64842224,Alemania,5518,9/29/2017 1:45,5,299.9500122,245.9600067,Western Europe,COMPLETE,365,Perfect Fitness Perfect Rip Deck,59.99000168,10/02/17 01:45,Standard Class
DEBIT,239.9600067,Advance shipping,Cleats,Consumer,AZ,85225,Apparel,33.30517578,-111.9684448,Reino Unido,9955,9/24/2015 8:23,5,299.9500122,239.9600067,Northern Europe,COMPLETE,365,Perfect Fitness Perfect Rip Deck,59.99000168,9/27/2015 8:23,Standard Class
DEBIT,239.9600067,Advance shipping,Cleats,Consumer,CA,90043,Apparel,33.98547363,-118.3382416,Italia,10672,10/20/2015 15:00,5,299.9500122,239.9600067,Southern Europe,COMPLETE,365,Perfect Fitness Perfect Rip Deck,59.99000168,10/23/2015 15:00,Standard Class
DEBIT,239.9600067,Late delivery,Cleats,Consumer,CA,92021,Apparel,32.80217743,-116.9388351,Francia,2129,6/21/2017 11:42,5,299.9500122,239.9600067,Western Europe,COMPLETE,365,Perfect Fitness Perfect Rip Deck,59.99000168,6/27/2017 11:42,Standard Class
DEBIT,239.9600067,Late delivery,Cleats,Consumer,MN,55106,Apparel,44.95698166,-93.06536865,Alemania,1450,08/04/15 15:38,5,299.9500122,239.9600067,Western Europe,COMPLETE,365,Perfect Fitness Perfect Rip Deck,59.99000168,08/09/15 15:38,Standard Class
DEBIT,239.9600067,Advance shipping,Cleats,Consumer,OH,43026,Apparel,40.03102875,-83.13726807,Países Bajos,2289,8/13/2015 10:32,5,299.9500122,239.9600067,Western Europe,COMPLETE,365,Perfect Fitness Perfect Rip Deck,59.99000168,8/15/2015 10:32,Standard Class
DEBIT,224.9600067,Shipping on time,Cleats,Consumer,FL,32073,Apparel,30.1652298,-81.72342682,Rusia,9555,9/28/2016 2:57,5,299.9500122,224.9600067,Eastern Europe,COMPLETE,365,Perfect Fitness Perfect Rip Deck,59.99000168,10/02/16 02:57,Standard Class
DEBIT,224.9600067,Advance shipping,Cleats,Consumer,NY,10025,Apparel,40.61753464,-73.94441223,Italia,323,09/10/17 16:19,5,299.9500122,224.9600067,Southern Europe,COMPLETE,365,Perfect Fitness Perfect Rip Deck,59.99000168,9/13/2017 16:19,Standard Class
DEBIT,224.9600067,Advance shipping,Cleats,Consumer,TX,75227,Apparel,32.77589798,-96.68588257,España,1063,09/11/15 18:44,5,299.9500122,224.9600067,Southern Europe,COMPLETE,365,Perfect Fitness Perfect Rip Deck,59.99000168,9/13/2015 18:44,Standard Class
DEBIT,224.9600067,Late delivery,Cleats,Consumer,MD,20783,Apparel,38.98765183,-76.98097229,Francia,3046,6/28/2015 14:06,5,299.9500122,224.9600067,Western Europe,COMPLETE,365,Perfect Fitness Perfect Rip Deck,59.99000168,07/04/15 14:06,Standard Class
DEBIT,250,Late delivery,Women's Apparel,Consumer,CA,92780,Golf,36.82581329,-121.6408463,Reino Unido,10307,09/06/17 16:40,5,250,250,Northern Europe,COMPLETE,502,Nike Men's Dri-FIT Victory Golf Polo,50,09/11/17 16:40,Standard Class
DEBIT,250,Advance shipping,Women's Apparel,Consumer,IL,60625,Golf,41.97568893,-87.69367981,Macedonia,2630,09/06/16 17:21,5,250,250,Southern Europe,COMPLETE,502,Nike Men's Dri-FIT Victory Golf Polo,50,09/09/16 17:21,Standard Class
DEBIT,199.9499969,Shipping on time,Shop By Sport,Consumer,NY,14150,Golf,43.01396942,-78.87906647,Francia,5268,6/30/2017 19:13,5,199.9499969,199.9499969,Western Europe,COMPLETE,627,Under Armour Girls' Toddler Spine Surge Runni,39.99000168,07/04/17 19:13,Standard Class
DEBIT,199.9499969,Advance shipping,Shop By Sport,Consumer,TX,79109,Golf,35.18754196,-101.8676224,Francia,8802,9/15/2017 6:40,5,199.9499969,199.9499969,Western Europe,COMPLETE,627,Under Armour Girls' Toddler Spine Surge Runni,39.99000168,9/18/2017 6:40,Standard Class
DEBIT,250,Shipping on time,Women's Apparel,Consumer,ND,58501,Golf,46.80438995,-100.7311554,Países Bajos,3544,07/04/17 10:48,5,250,250,Western Europe,COMPLETE,502,Nike Men's Dri-FIT Victory Golf Polo,50,07/08/17 10:48,Standard Class
DEBIT,247.5,Late delivery,Women's Apparel,Consumer,GA,30032,Golf,33.76404572,-84.25080872,Dinamarca,6011,06/10/15 22:11,5,250,247.5,Northern Europe,COMPLETE,502,Nike Men's Dri-FIT Victory Golf Polo,50,6/16/2015 22:11,Standard Class
DEBIT,247.5,Advance shipping,Women's Apparel,Consumer,IL,60625,Golf,41.97568893,-87.69367981,Macedonia,2630,09/06/16 17:21,5,250,247.5,Southern Europe,COMPLETE,502,Nike Men's Dri-FIT Victory Golf Polo,50,09/09/16 17:21,Standard Class
DEBIT,197.9499969,Advance shipping,Shop By Sport,Consumer,CA,94806,Golf,36.15671158,-120.3462524,Bélgica,9662,7/19/2017 0:48,5,199.9499969,197.9499969,Western Europe,COMPLETE,627,Under Armour Girls' Toddler Spine Surge Runni,39.99000168,7/22/2017 0:48,Standard Class
DEBIT,197.9499969,Shipping on time,Shop By Sport,Consumer,FL,33016,Golf,25.87724495,-80.33294678,Francia,3370,7/26/2015 22:50,5,199.9499969,197.9499969,Western Europe,COMPLETE,627,Under Armour Girls' Toddler Spine Surge Runni,39.99000168,7/30/2015 22:50,Standard Class
DEBIT,247.5,Shipping on time,Women's Apparel,Consumer,CA,92804,Golf,33.80156326,-117.8990173,Alemania,12245,09/11/17 17:11,5,250,247.5,Western Europe,COMPLETE,502,Nike Men's Dri-FIT Victory Golf Polo,50,9/15/2017 17:11,Standard Class
DEBIT,247.5,Advance shipping,Women's Apparel,Consumer,FL,32808,Golf,28.57764053,-81.44708252,Alemania,1562,8/14/2017 5:19,5,250,247.5,Western Europe,COMPLETE,502,Nike Men's Dri-FIT Victory Golf Polo,50,8/16/2017 5:19,Standard Class
DEBIT,195.9499969,Advance shipping,Shop By Sport,Consumer,NY,11220,Golf,40.6416893,-74.01692963,Rusia,1508,9/26/2016 2:58,5,199.9499969,195.9499969,Eastern Europe,COMPLETE,627,Under Armour Girls' Toddler Spine Surge Runni,39.99000168,9/28/2016 2:58,Standard Class
DEBIT,245,Shipping on time,Women's Apparel,Consumer,TX,78228,Golf,29.47656632,-98.579216,Polonia,7523,11/10/16 02:43,5,250,245,Eastern Europe,COMPLETE,502,Nike Men's Dri-FIT Victory Golf Polo,50,11/14/2016 2:43,Standard Class
DEBIT,245,Shipping on time,Women's Apparel,Consumer,PA,19120,Golf,40.03164673,-75.12759399,Reino Unido,5671,8/25/2015 22:47,5,250,245,Northern Europe,COMPLETE,502,Nike Men's Dri-FIT Victory Golf Polo,50,8/29/2015 22:47,Standard Class
DEBIT,245,Advance shipping,Women's Apparel,Consumer,CA,90804,Golf,33.86135101,-118.1989517,España,7748,9/20/2015 1:02,5,250,245,Southern Europe,COMPLETE,502,Nike Men's Dri-FIT Victory Golf Polo,50,9/23/2015 1:02,Standard Class
DEBIT,195.9499969,Advance shipping,Shop By Sport,Consumer,CA,95823,Golf,38.48671341,-121.459343,Países Bajos,11431,07/11/15 23:22,5,199.9499969,195.9499969,Western Europe,COMPLETE,627,Under Armour Girls' Toddler Spine Surge Runni,39.99000168,7/14/2015 23:22,Standard Class
DEBIT,245,Shipping on time,Women's Apparel,Consumer,CA,93063,Golf,34.26791382,-118.6712112,Alemania,4794,06/05/15 13:37,5,250,245,Western Europe,COMPLETE,502,Nike Men's Dri-FIT Victory Golf Polo,50,06/09/15 13:37,Standard Class
DEBIT,242.5,Late delivery,Women's Apparel,Consumer,GA,30135,Golf,33.72855759,84.74267578,Rusia,971,12/29/2016 1:05,5,250,242.5,Eastern Europe,COMPLETE,502,Nike Men's Dri-FIT Victory Golf Polo,50,01/04/17 01:05,Standard Class
DEBIT,193.9499969,Advance shipping,Shop By Sport,Consumer,MD,21228,Golf,39.27961731,-76.71038055,Reino Unido,3420,08/07/17 03:45,5,199.9499969,193.9499969,Northern Europe,COMPLETE,627,Under Armour Girls' Toddler Spine Surge Runni,39.99000168,08/10/17 03:45,Standard Class
DEBIT,242.5,Late delivery,Women's Apparel,Consumer,IL,60453,Golf,41.7158165,-87.7405777,Francia,7518,09/03/15 22:57,5,250,242.5,Western Europe,COMPLETE,502,Nike Men's Dri-FIT Victory Golf Polo,50,09/09/15 22:57,Standard Class
DEBIT,242.5,Advance shipping,Women's Apparel,Consumer,NV,89015,Golf,36.04153061,-114.9654922,Alemania,2742,08/09/17 04:48,5,250,242.5,Western Europe,COMPLETE,502,Nike Men's Dri-FIT Victory Golf Polo,50,08/12/17 04:48,Standard Class
DEBIT,240,Advance shipping,Women's Apparel,Consumer,CA,93436,Golf,34.63919449,-120.477684,Dinamarca,7803,8/16/2015 8:36,5,250,240,Northern Europe,COMPLETE,502,Nike Men's Dri-FIT Victory Golf Polo,50,8/18/2015 8:36,Standard Class
DEBIT,191.9499969,Advance shipping,Shop By Sport,Consumer,NV,89030,Golf,36.24917603,-115.0396881,Italia,3939,7/23/2017 18:39,5,199.9499969,191.9499969,Southern Europe,COMPLETE,627,Under Armour Girls' Toddler Spine Surge Runni,39.99000168,7/26/2017 18:39,Standard Class
DEBIT,240,Advance shipping,Women's Apparel,Consumer,MD,21502,Golf,39.65353012,-78.76384735,Italia,8118,09/10/15 01:02,5,250,240,Southern Europe,COMPLETE,502,Nike Men's Dri-FIT Victory Golf Polo,50,9/13/2015 1:02,Standard Class
DEBIT,191.9499969,Late delivery,Shop By Sport,Consumer,AR,72401,Golf,35.82094193,-90.63130951,Alemania,4561,8/24/2015 19:27,5,199.9499969,191.9499969,Western Europe,COMPLETE,627,Under Armour Girls' Toddler Spine Surge Runni,39.99000168,8/30/2015 19:27,Standard Class
DEBIT,240,Advance shipping,Women's Apparel,Consumer,AZ,85224,Golf,33.30039215,-111.8709564,Alemania,3961,07/04/17 03:26,5,250,240,Western Europe,COMPLETE,502,Nike Men's Dri-FIT Victory Golf Polo,50,07/07/17 03:26,Standard Class
DEBIT,240,Shipping on time,Women's Apparel,Consumer,OH,44107,Golf,40.73361969,-84.13384247,Alemania,12218,6/22/2017 18:31,5,250,240,Western Europe,COMPLETE,502,Nike Men's Dri-FIT Victory Golf Polo,50,6/26/2017 18:31,Standard Class
DEBIT,237.5,Late delivery,Women's Apparel,Consumer,FL,33055,Golf,25.94878006,-80.28707886,Ucrania,3146,12/26/2016 2:39,5,250,237.5,Eastern Europe,COMPLETE,502,Nike Men's Dri-FIT Victory Golf Polo,50,12/31/2016 2:39,Standard Class
DEBIT,189.9499969,Late delivery,Shop By Sport,Consumer,FL,32308,Golf,30.49506187,-84.24580383,Reino Unido,11397,09/11/17 02:07,5,199.9499969,189.9499969,Northern Europe,COMPLETE,627,Under Armour Girls' Toddler Spine Surge Runni,39.99000168,9/17/2017 2:07,Standard Class
DEBIT,237.5,Advance shipping,Women's Apparel,Consumer,IL,60120,Golf,42.01670456,-88.26392365,Reino Unido,9005,9/23/2015 9:15,5,250,237.5,Northern Europe,COMPLETE,502,Nike Men's Dri-FIT Victory Golf Polo,50,9/25/2015 9:15,Standard Class
DEBIT,237.5,Late delivery,Women's Apparel,Consumer,TX,77840,Golf,30.62633896,-96.34606934,Portugal,775,9/23/2017 18:34,5,250,237.5,Southern Europe,COMPLETE,502,Nike Men's Dri-FIT Victory Golf Polo,50,9/28/2017 18:34,Standard Class
DEBIT,189.9499969,Advance shipping,Shop By Sport,Consumer,CA,91801,Golf,34.10591126,-118.1196442,Francia,1622,08/10/15 21:35,5,199.9499969,189.9499969,Western Europe,COMPLETE,627,Under Armour Girls' Toddler Spine Surge Runni,39.99000168,8/13/2015 21:35,Standard Class
DEBIT,237.5,Late delivery,Women's Apparel,Consumer,MI,48212,Golf,42.39984894,-83.05892944,Países Bajos,8860,8/27/2017 6:31,5,250,237.5,Western Europe,COMPLETE,502,Nike Men's Dri-FIT Victory Golf Polo,50,09/02/17 06:31,Standard Class
DEBIT,237.5,Shipping on time,Women's Apparel,Consumer,MI,48098,Golf,42.5804596,-83.15601349,Francia,2170,10/07/15 19:03,5,250,237.5,Western Europe,COMPLETE,502,Nike Men's Dri-FIT Victory Golf Polo,50,10/11/15 19:03,Standard Class
DEBIT,237.5,Late delivery,Women's Apparel,Consumer,TX,78664,Golf,30.47071457,-97.64977264,Francia,6948,10/21/2015 17:59,5,250,237.5,Western Europe,COMPLETE,502,Nike Men's Dri-FIT Victory Golf Polo,50,10/26/2015 17:59,Standard Class
DEBIT,188.9499969,Late delivery,Shop By Sport,Consumer,TX,75150,Golf,32.80532837,-96.62866211,Rusia,2497,12/19/2016 1:05,5,199.9499969,188.9499969,Eastern Europe,COMPLETE,627,Under Armour Girls' Toddler Spine Surge Runni,39.99000168,12/25/2016 1:05,Standard Class
DEBIT,236.25,Late delivery,Women's Apparel,Consumer,OH,44120,Golf,41.47653961,-81.72341919,Reino Unido,10118,7/30/2017 11:07,5,250,236.25,Northern Europe,COMPLETE,502,Nike Men's Dri-FIT Victory Golf Polo,50,08/05/17 11:07,Standard Class
DEBIT,236.25,Advance shipping,Women's Apparel,Consumer,OK,74012,Golf,35.8944664,-97.57640839,Reino Unido,137,07/01/15 14:38,5,250,236.25,Northern Europe,COMPLETE,502,Nike Men's Dri-FIT Victory Golf Polo,50,07/04/15 14:38,Standard Class
DEBIT,188.9499969,Shipping on time,Shop By Sport,Consumer,CA,95035,Golf,37.44713593,-121.9091797,España,2716,7/31/2017 0:26,5,199.9499969,188.9499969,Southern Europe,COMPLETE,627,Under Armour Girls' Toddler Spine Surge Runni,39.99000168,08/04/17 00:26,Standard Class
DEBIT,188.9499969,Late delivery,Shop By Sport,Consumer,TN,38118,Golf,35.06880951,-89.9284668,España,3226,07/06/17 12:12,5,199.9499969,188.9499969,Southern Europe,COMPLETE,627,Under Armour Girls' Toddler Spine Surge Runni,39.99000168,07/11/17 12:12,Standard Class
DEBIT,188.9499969,Shipping on time,Shop By Sport,Consumer,CA,93063,Golf,34.26791382,-118.6712112,Alemania,4794,06/05/15 13:37,5,199.9499969,188.9499969,Western Europe,COMPLETE,627,Under Armour Girls' Toddler Spine Surge Runni,39.99000168,06/09/15 13:37,Standard Class
DEBIT,236.25,Advance shipping,Women's Apparel,Consumer,IL,60148,Golf,34.06631851,-117.8853378,Francia,173,6/26/2017 9:25,5,250,236.25,Western Europe,COMPLETE,502,Nike Men's Dri-FIT Victory Golf Polo,50,6/28/2017 9:25,Standard Class
DEBIT,236.25,Advance shipping,Women's Apparel,Consumer,NY,11220,Golf,40.6416893,-74.01692963,Alemania,10869,9/19/2015 9:16,5,250,236.25,Western Europe,COMPLETE,502,Nike Men's Dri-FIT Victory Golf Polo,50,9/22/2015 9:16,Standard Class
DEBIT,236.25,Shipping on time,Women's Apparel,Consumer,NY,14580,Golf,42.36322784,-79.48626709,Alemania,2495,9/14/2015 8:45,5,250,236.25,Western Europe,COMPLETE,502,Nike Men's Dri-FIT Victory Golf Polo,50,9/18/2015 8:45,Standard Class
DEBIT,236.25,Late delivery,Women's Apparel,Consumer,PA,17331,Golf,39.79706574,-77.03726959,Austria,9008,10/18/2015 7:39,5,250,236.25,Western Europe,COMPLETE,502,Nike Men's Dri-FIT Victory Golf Polo,50,10/23/2015 7:39,Standard Class
DEBIT,236.25,Late delivery,Women's Apparel,Consumer,TX,78664,Golf,30.47071457,-97.64977264,Francia,6948,10/21/2015 17:59,5,250,236.25,Western Europe,COMPLETE,502,Nike Men's Dri-FIT Victory Golf Polo,50,10/26/2015 17:59,Standard Class
DEBIT,185.9499969,Late delivery,Shop By Sport,Consumer,RI,2860,Golf,41.8719368,-71.38621521,Suecia,4064,8/17/2015 15:26,5,199.9499969,185.9499969,Northern Europe,COMPLETE,627,Under Armour Girls' Toddler Spine Surge Runni,39.99000168,8/22/2015 15:26,Standard Class
DEBIT,232.5,Shipping on time,Women's Apparel,Consumer,TN,38128,Golf,35.19882584,-89.90473938,Italia,3788,8/23/2015 18:14,5,250,232.5,Southern Europe,COMPLETE,502,Nike Men's Dri-FIT Victory Golf Polo,50,8/27/2015 18:14,Standard Class
DEBIT,185.9499969,Late delivery,Shop By Sport,Consumer,WA,98052,Golf,47.67197037,-122.133667,Francia,10560,06/04/15 22:12,5,199.9499969,185.9499969,Western Europe,COMPLETE,627,Under Armour Girls' Toddler Spine Surge Runni,39.99000168,06/09/15 22:12,Standard Class
DEBIT,232.5,Shipping on time,Women's Apparel,Consumer,CA,90630,Golf,33.89184952,-117.8898926,Países Bajos,2387,8/22/2017 13:42,5,250,232.5,Western Europe,COMPLETE,502,Nike Men's Dri-FIT Victory Golf Polo,50,8/26/2017 13:42,Standard Class
DEBIT,232.5,Advance shipping,Women's Apparel,Consumer,NY,10029,Golf,40.6487999,-73.94863892,Francia,336,10/21/2015 13:46,5,250,232.5,Western Europe,COMPLETE,502,Nike Men's Dri-FIT Victory Golf Polo,50,10/24/2015 13:46,Standard Class
DEBIT,232.5,Shipping on time,Women's Apparel,Consumer,NY,14580,Golf,42.36322784,-79.48626709,Alemania,2495,9/14/2015 8:45,5,250,232.5,Western Europe,COMPLETE,502,Nike Men's Dri-FIT Victory Golf Polo,50,9/18/2015 8:45,Standard Class
DEBIT,232.5,Late delivery,Women's Apparel,Consumer,OH,45840,Golf,41.03451538,-83.65354919,Francia,6936,08/06/15 15:17,5,250,232.5,Western Europe,COMPLETE,502,Nike Men's Dri-FIT Victory Golf Polo,50,08/12/15 15:17,Standard Class
DEBIT,227.5,Advance shipping,Women's Apparel,Consumer,CA,90066,Golf,34.0015831,-118.4321518,Ucrania,5326,10/02/16 23:58,5,250,227.5,Eastern Europe,COMPLETE,502,Nike Men's Dri-FIT Victory Golf Polo,50,10/05/16 23:58,Standard Class
DEBIT,227.5,Shipping on time,Women's Apparel,Consumer,NY,11218,Golf,40.64059448,-73.97518921,Rusia,7924,9/16/2016 12:26,5,250,227.5,Eastern Europe,COMPLETE,502,Nike Men's Dri-FIT Victory Golf Polo,50,9/20/2016 12:26,Standard Class
DEBIT,181.9499969,Late delivery,Girls' Apparel,Consumer,RI,2860,Golf,41.8719368,-71.38621521,Suecia,4064,8/17/2015 15:26,5,199.9499969,181.9499969,Northern Europe,COMPLETE,572,TYR Boys' Team Digi Jammer,39.99000168,8/22/2015 15:26,Standard Class
DEBIT,225,Advance shipping,Women's Apparel,Consumer,OR,97701,Golf,44.07599258,-120.9686584,Polonia,5839,9/30/2016 22:55,5,250,225,Eastern Europe,COMPLETE,502,Nike Men's Dri-FIT Victory Golf Polo,50,10/03/16 22:55,Standard Class
DEBIT,179.9600067,Advance shipping,Shop By Sport,Consumer,CA,90631,Golf,33.93183518,-117.9316559,Irlanda,6366,8/29/2015 8:25,5,199.9499969,179.9600067,Northern Europe,COMPLETE,627,Under Armour Girls' Toddler Spine Surge Runni,39.99000168,8/31/2015 8:25,Standard Class
DEBIT,179.9600067,Advance shipping,Shop By Sport,Consumer,OR,97321,Golf,44.65587616,-123.1170349,Dinamarca,7052,6/29/2015 9:44,5,199.9499969,179.9600067,Northern Europe,COMPLETE,627,Under Armour Girls' Toddler Spine Surge Runni,39.99000168,07/01/15 09:44,Standard Class
DEBIT,225,Late delivery,Women's Apparel,Consumer,CA,92105,Golf,32.74953461,-117.1046524,Croacia,6776,12/07/16 22:50,5,250,225,Southern Europe,COMPLETE,502,Nike Men's Dri-FIT Victory Golf Polo,50,12/13/2016 22:50,Standard Class
DEBIT,225,Late delivery,Women's Apparel,Consumer,CA,91790,Golf,34.06787491,-117.9273758,Alemania,10385,7/16/2015 17:56,5,250,225,Western Europe,COMPLETE,502,Nike Men's Dri-FIT Victory Golf Polo,50,7/21/2015 17:56,Standard Class
DEBIT,225,Late delivery,Women's Apparel,Consumer,NJ,7305,Golf,40.70602036,-74.08685303,Francia,4648,9/22/2015 18:53,5,250,225,Western Europe,COMPLETE,502,Nike Men's Dri-FIT Victory Golf Polo,50,9/28/2015 18:53,Standard Class
DEBIT,175.9600067,Late delivery,Shop By Sport,Consumer,CA,92653,Golf,33.61217499,-117.7096787,Dinamarca,7288,09/08/17 21:13,5,199.9499969,175.9600067,Northern Europe,COMPLETE,627,Under Armour Girls' Toddler Spine Surge Runni,39.99000168,9/13/2017 21:13,Standard Class
DEBIT,220,Advance shipping,Women's Apparel,Consumer,MD,21228,Golf,39.27961731,-76.71038055,Reino Unido,3420,08/07/17 03:45,5,250,220,Northern Europe,COMPLETE,502,Nike Men's Dri-FIT Victory Golf Polo,50,08/10/17 03:45,Standard Class
DEBIT,220,Advance shipping,Women's Apparel,Consumer,NY,14215,Golf,42.94129181,-78.80055237,Reino Unido,5048,09/01/15 12:05,5,250,220,Northern Europe,COMPLETE,502,Nike Men's Dri-FIT Victory Golf Polo,50,09/04/15 12:05,Standard Class
DEBIT,220,Late delivery,Women's Apparel,Consumer,CA,92105,Golf,32.74953461,-117.1046524,Croacia,6776,12/07/16 22:50,5,250,220,Southern Europe,COMPLETE,502,Nike Men's Dri-FIT Victory Golf Polo,50,12/13/2016 22:50,Standard Class
DEBIT,175.9600067,Advance shipping,Shop By Sport,Consumer,CA,90057,Golf,34.06108093,-118.2774735,Alemania,8638,7/22/2017 11:07,5,199.9499969,175.9600067,Western Europe,COMPLETE,627,Under Armour Girls' Toddler Spine Surge Runni,39.99000168,7/25/2017 11:07,Standard Class
DEBIT,175.9600067,Advance shipping,Shop By Sport,Consumer,OR,97223,Golf,45.44815064,-122.7694931,Francia,11658,10/06/15 04:09,5,199.9499969,175.9600067,Western Europe,COMPLETE,627,Under Armour Girls' Toddler Spine Surge Runni,39.99000168,10/09/15 04:09,Standard Class
DEBIT,175.9600067,Advance shipping,Shop By Sport,Consumer,PA,19134,Golf,39.98654556,-75.1084671,Francia,10129,06/04/15 12:23,5,199.9499969,175.9600067,Western Europe,COMPLETE,627,Under Armour Girls' Toddler Spine Surge Runni,39.99000168,06/06/15 12:23,Standard Class
DEBIT,220,Late delivery,Women's Apparel,Consumer,CA,91402,Golf,35.40668869,-118.8953018,Países Bajos,4164,07/06/17 22:42,5,250,220,Western Europe,COMPLETE,502,Nike Men's Dri-FIT Victory Golf Polo,50,07/11/17 22:42,Standard Class
DEBIT,220,Shipping on time,Women's Apparel,Consumer,PA,17331,Golf,39.79224014,-76.73596191,Alemania,7783,10/02/15 23:26,5,250,220,Western Europe,COMPLETE,502,Nike Men's Dri-FIT Victory Golf Polo,50,10/06/15 23:26,Standard Class
DEBIT,217.5,Shipping on time,Women's Apparel,Consumer,CA,91744,Golf,34.02830887,-117.9406891,Rusia,4896,10/15/2016 8:22,5,250,217.5,Eastern Europe,COMPLETE,502,Nike Men's Dri-FIT Victory Golf Polo,50,10/19/2016 8:22,Standard Class
DEBIT,217.5,Late delivery,Women's Apparel,Consumer,CA,92105,Golf,32.74953461,-117.1046524,Croacia,6776,12/07/16 22:50,5,250,217.5,Southern Europe,COMPLETE,502,Nike Men's Dri-FIT Victory Golf Polo,50,12/13/2016 22:50,Standard Class
DEBIT,217.5,Late delivery,Women's Apparel,Consumer,MD,21215,Golf,39.36317062,-76.70053101,Italia,7945,6/26/2017 0:18,5,250,217.5,Southern Europe,COMPLETE,502,Nike Men's Dri-FIT Victory Golf Polo,50,07/02/17 00:18,Standard Class
DEBIT,173.9600067,Late delivery,Shop By Sport,Consumer,MD,20783,Golf,38.98765183,-76.98097229,Francia,3046,6/28/2015 14:06,5,199.9499969,173.9600067,Western Europe,COMPLETE,627,Under Armour Girls' Toddler Spine Surge Runni,39.99000168,07/04/15 14:06,Standard Class
DEBIT,217.5,Advance shipping,Women's Apparel,Consumer,CA,91801,Golf,34.10591126,-118.1196442,Francia,1622,08/10/15 21:35,5,250,217.5,Western Europe,COMPLETE,502,Nike Men's Dri-FIT Victory Golf Polo,50,8/13/2015 21:35,Standard Class
DEBIT,217.5,Advance shipping,Women's Apparel,Consumer,OR,97470,Golf,43.29366684,-123.3505096,Francia,7567,07/10/15 17:36,5,250,217.5,Western Europe,COMPLETE,502,Nike Men's Dri-FIT Victory Golf Polo,50,7/13/2015 17:36,Standard Class
DEBIT,212.5,Late delivery,Women's Apparel,Consumer,NJ,7087,Golf,40.7615242,-74.03826904,Reino Unido,12066,06/08/15 14:08,5,250,212.5,Northern Europe,COMPLETE,502,Nike Men's Dri-FIT Victory Golf Polo,50,6/14/2015 14:08,Standard Class
DEBIT,169.9600067,Advance shipping,Shop By Sport,Consumer,MD,21224,Golf,39.29225159,-76.57032776,Alemania,7554,9/17/2017 21:23,5,199.9499969,169.9600067,Western Europe,COMPLETE,627,Under Armour Girls' Toddler Spine Surge Runni,39.99000168,9/19/2017 21:23,Standard Class
DEBIT,212.5,Advance shipping,Women's Apparel,Consumer,MA,2740,Golf,41.6280365,-70.92701721,Alemania,7390,10/16/2015 18:09,5,250,212.5,Western Europe,COMPLETE,502,Nike Men's Dri-FIT Victory Golf Polo,50,10/19/2015 18:09,Standard Class
DEBIT,167.9600067,Advance shipping,Shop By Sport,Consumer,OH,45140,Golf,39.2714386,-84.27872467,Italia,9381,08/07/15 14:45,5,199.9499969,167.9600067,Southern Europe,COMPLETE,627,Under Armour Girls' Toddler Spine Surge Runni,39.99000168,08/10/15 14:45,Standard Class
DEBIT,210,Advance shipping,Women's Apparel,Consumer,MI,48224,Golf,42.41482544,-82.9394455,Italia,9154,9/22/2017 8:14,5,250,210,Southern Europe,COMPLETE,502,Nike Men's Dri-FIT Victory Golf Polo,50,9/24/2017 8:14,Standard Class
DEBIT,294,Late delivery,Girls' Apparel,Consumer,CA,92024,Golf,33.04647064,-117.2896729,Alemania,9910,8/27/2015 22:26,5,350,294,Western Europe,COMPLETE,565,adidas Youth Germany Black/Red Away Match Soc,70,09/01/15 22:26,Standard Class
DEBIT,167.9600067,Late delivery,Shop By Sport,Consumer,NY,10011,Golf,40.73928452,-73.99893189,Francia,5606,10/11/15 00:28,5,199.9499969,167.9600067,Western Europe,COMPLETE,627,Under Armour Girls' Toddler Spine Surge Runni,39.99000168,10/16/2015 0:28,Standard Class
DEBIT,210,Late delivery,Women's Apparel,Consumer,AZ,85204,Golf,33.41001129,-111.7717972,Francia,4323,06/07/15 16:46,5,250,210,Western Europe,COMPLETE,502,Nike Men's Dri-FIT Victory Golf Polo,50,06/12/15 16:46,Standard Class
DEBIT,210,Advance shipping,Women's Apparel,Consumer,CA,92057,Golf,33.22548676,-117.3070679,Alemania,12000,8/15/2017 11:05,5,250,210,Western Europe,COMPLETE,502,Nike Men's Dri-FIT Victory Golf Polo,50,8/17/2017 11:05,Standard Class
DEBIT,210,Late delivery,Women's Apparel,Consumer,NC,27203,Golf,35.70111466,-79.82025147,Francia,5360,09/11/15 23:38,5,250,210,Western Europe,COMPLETE,502,Nike Men's Dri-FIT Victory Golf Polo,50,9/17/2015 23:38,Standard Class
DEBIT,207.5,Late delivery,Women's Apparel,Consumer,CA,95670,Golf,38.61177445,-121.2828674,Rumania,2037,9/29/2016 11:11,5,250,207.5,Eastern Europe,COMPLETE,502,Nike Men's Dri-FIT Victory Golf Polo,50,10/05/16 11:11,Standard Class
DEBIT,165.9600067,Late delivery,Shop By Sport,Consumer,TX,79912,Golf,31.84699822,-106.5490112,Reino Unido,10116,10/19/2015 18:41,5,199.9499969,165.9600067,Northern Europe,COMPLETE,627,Under Armour Girls' Toddler Spine Surge Runni,39.99000168,10/24/2015 18:41,Standard Class
DEBIT,165.9600067,Shipping on time,Shop By Sport,Consumer,CA,92115,Golf,32.75856018,-117.0881882,España,1445,8/28/2015 1:35,5,199.9499969,165.9600067,Southern Europe,COMPLETE,627,Under Armour Girls' Toddler Spine Surge Runni,39.99000168,09/01/15 01:35,Standard Class
DEBIT,207.5,Late delivery,Women's Apparel,Consumer,FL,33064,Golf,26.28325081,-80.09656525,Italia,8488,7/22/2017 18:50,5,250,207.5,Southern Europe,COMPLETE,502,Nike Men's Dri-FIT Victory Golf Polo,50,7/27/2017 18:50,Standard Class
DEBIT,165.9600067,Late delivery,Shop By Sport,Consumer,CA,92504,Golf,33.93642426,-117.4205856,Francia,2269,08/10/17 11:16,5,199.9499969,165.9600067,Western Europe,COMPLETE,627,Under Armour Girls' Toddler Spine Surge Runni,39.99000168,8/15/2017 11:16,Standard Class
DEBIT,165.9600067,Shipping on time,Shop By Sport,Consumer,OH,43230,Golf,40.0230751,-82.8732605,Francia,10043,8/14/2015 8:16,5,199.9499969,165.9600067,Western Europe,COMPLETE,627,Under Armour Girls' Toddler Spine Surge Runni,39.99000168,8/18/2015 8:16,Standard Class
DEBIT,207.5,Shipping on time,Women's Apparel,Consumer,CA,92057,Golf,33.21175385,-117.2767715,Francia,8340,06/01/15 01:00,5,250,207.5,Western Europe,COMPLETE,502,Nike Men's Dri-FIT Victory Golf Polo,50,06/05/15 01:00,Standard Class
DEBIT,207.5,Shipping on time,Women's Apparel,Consumer,IL,60622,Golf,41.89480591,-87.7651825,Alemania,2786,7/15/2015 18:49,5,250,207.5,Western Europe,COMPLETE,502,Nike Men's Dri-FIT Victory Golf Polo,50,7/19/2015 18:49,Standard Class
DEBIT,207.5,Shipping on time,Women's Apparel,Consumer,NY,11207,Golf,40.66577148,-73.89246368,Países Bajos,6295,07/12/15 20:45,5,250,207.5,Western Europe,COMPLETE,502,Nike Men's Dri-FIT Victory Golf Polo,50,7/16/2015 20:45,Standard Class
DEBIT,163.9600067,Advance shipping,Shop By Sport,Consumer,NC,27514,Golf,35.98715591,-79.06994629,Finlandia,3340,09/11/15 09:58,5,199.9499969,163.9600067,Northern Europe,COMPLETE,627,Under Armour Girls' Toddler Spine Surge Runni,39.99000168,9/13/2015 9:58,Standard Class
DEBIT,205,Late delivery,Women's Apparel,Consumer,CA,92407,Golf,34.16956329,-117.3050308,Reino Unido,3749,9/16/2015 17:09,5,250,205,Northern Europe,COMPLETE,502,Nike Men's Dri-FIT Victory Golf Polo,50,9/21/2015 17:09,Standard Class
DEBIT,205,Late delivery,Women's Apparel,Consumer,NC,27502,Golf,35.81904221,-78.96494293,Noruega,10079,10/05/15 18:42,5,250,205,Northern Europe,COMPLETE,502,Nike Men's Dri-FIT Victory Golf Polo,50,10/11/15 18:42,Standard Class
DEBIT,163.9600067,Advance shipping,Shop By Sport,Consumer,CA,94110,Golf,37.75743866,-122.4193726,Italia,4174,06/08/15 23:36,5,199.9499969,163.9600067,Southern Europe,COMPLETE,627,Under Armour Girls' Toddler Spine Surge Runni,39.99000168,06/11/15 23:36,Standard Class
DEBIT,287,Late delivery,Girls' Apparel,Consumer,VA,23464,Golf,36.80849838,-76.20897675,Francia,6056,6/16/2015 14:28,5,350,287,Western Europe,COMPLETE,565,adidas Youth Germany Black/Red Away Match Soc,70,6/21/2015 14:28,Standard Class
DEBIT,163.9600067,Late delivery,Shop By Sport,Consumer,CA,93304,Golf,35.36254501,-119.0186996,Alemania,11212,08/09/17 14:36,5,199.9499969,163.9600067,Western Europe,COMPLETE,627,Under Armour Girls' Toddler Spine Surge Runni,39.99000168,8/15/2017 14:36,Standard Class
DEBIT,163.9600067,Shipping on time,Shop By Sport,Consumer,CA,92346,Golf,34.13581085,-117.1929703,Alemania,7216,8/13/2015 20:00,5,199.9499969,163.9600067,Western Europe,COMPLETE,627,Under Armour Girls' Toddler Spine Surge Runni,39.99000168,8/17/2015 20:00,Standard Class
DEBIT,205,Shipping on time,Women's Apparel,Consumer,CA,91733,Golf,34.0472908,-118.0503235,Francia,6064,09/07/17 11:35,5,250,205,Western Europe,COMPLETE,502,Nike Men's Dri-FIT Victory Golf Polo,50,09/11/17 11:35,Standard Class
DEBIT,205,Late delivery,Women's Apparel,Consumer,CA,91306,Golf,34.2168045,-118.5710373,Francia,12235,8/21/2015 12:17,5,250,205,Western Europe,COMPLETE,502,Nike Men's Dri-FIT Victory Golf Polo,50,8/26/2015 12:17,Standard Class
DEBIT,205,Advance shipping,Women's Apparel,Consumer,CO,80231,Golf,39.65523911,-104.8748703,Francia,12072,8/21/2017 1:58,5,250,205,Western Europe,COMPLETE,502,Nike Men's Dri-FIT Victory Golf Polo,50,8/23/2017 1:58,Standard Class
DEBIT,205,Advance shipping,Women's Apparel,Consumer,NC,27203,Golf,35.70111466,-79.82025147,Francia,3932,6/28/2017 5:33,5,250,205,Western Europe,COMPLETE,502,Nike Men's Dri-FIT Victory Golf Polo,50,07/01/17 05:33,Standard Class
DEBIT,205,Advance shipping,Women's Apparel,Consumer,NY,10314,Golf,40.58441544,-74.15991974,Alemania,1555,10/24/2015 4:29,5,250,205,Western Europe,COMPLETE,502,Nike Men's Dri-FIT Victory Golf Polo,50,10/26/2015 4:29,Standard Class
DEBIT,200,Late delivery,Women's Apparel,Consumer,NV,89103,Golf,36.11117935,-115.2110291,Rusia,8294,10/05/16 12:14,5,250,200,Eastern Europe,COMPLETE,502,Nike Men's Dri-FIT Victory Golf Polo,50,10/10/16 12:14,Standard Class
DEBIT,200,Late delivery,Women's Apparel,Consumer,CA,92407,Golf,34.16956329,-117.3050308,Reino Unido,3749,9/16/2015 17:09,5,250,200,Northern Europe,COMPLETE,502,Nike Men's Dri-FIT Victory Golf Polo,50,9/21/2015 17:09,Standard Class
DEBIT,200,Late delivery,Women's Apparel,Consumer,NC,27502,Golf,35.81904221,-78.96494293,Noruega,10079,10/05/15 18:42,5,250,200,Northern Europe,COMPLETE,502,Nike Men's Dri-FIT Victory Golf Polo,50,10/11/15 18:42,Standard Class
DEBIT,159.9600067,Advance shipping,Shop By Sport,Consumer,TX,79109,Golf,35.18754196,-101.8676224,Italia,8391,8/20/2015 10:42,5,199.9499969,159.9600067,Southern Europe,COMPLETE,627,Under Armour Girls' Toddler Spine Surge Runni,39.99000168,8/22/2015 10:42,Standard Class
DEBIT,159.9600067,Late delivery,Shop By Sport,Consumer,IL,60453,Golf,41.7158165,-87.7405777,Francia,7518,09/03/15 22:57,5,199.9499969,159.9600067,Western Europe,COMPLETE,627,Under Armour Girls' Toddler Spine Surge Runni,39.99000168,09/09/15 22:57,Standard Class
DEBIT,159.9600067,Shipping on time,Shop By Sport,Consumer,TX,75061,Golf,32.82715988,-97.00611877,Francia,6143,7/28/2015 18:37,5,199.9499969,159.9600067,Western Europe,COMPLETE,627,Under Armour Girls' Toddler Spine Surge Runni,39.99000168,08/01/15 18:37,Standard Class
DEBIT,200,Advance shipping,Women's Apparel,Consumer,AZ,85033,Golf,33.50607681,-112.0525513,Suiza,874,07/12/15 07:47,5,250,200,Western Europe,COMPLETE,502,Nike Men's Dri-FIT Victory Golf Polo,50,7/14/2015 7:47,Standard Class
DEBIT,200,Late delivery,Women's Apparel,Consumer,CA,90046,Golf,34.09960938,-118.3507385,Francia,6947,7/29/2015 23:00,5,250,200,Western Europe,COMPLETE,502,Nike Men's Dri-FIT Victory Golf Polo,50,08/03/15 23:00,Standard Class
DEBIT,200,Advance shipping,Women's Apparel,Consumer,NY,11234,Golf,40.63061905,-73.92346191,Francia,7612,10/21/2015 1:10,5,250,200,Western Europe,COMPLETE,502,Nike Men's Dri-FIT Victory Golf Polo,50,10/23/2015 1:10,Standard Class
DEBIT,200,Late delivery,Women's Apparel,Consumer,NY,11203,Golf,40.65559006,-73.9330368,Alemania,2133,9/24/2015 12:56,5,250,200,Western Europe,COMPLETE,502,Nike Men's Dri-FIT Victory Golf Polo,50,9/30/2015 12:56,Standard Class
DEBIT,149.9600067,Late delivery,Shop By Sport,Consumer,NY,14150,Golf,43.01396942,-78.87906647,Ucrania,7363,11/24/2016 12:10,5,199.9499969,149.9600067,Eastern Europe,COMPLETE,627,Under Armour Girls' Toddler Spine Surge Runni,39.99000168,11/29/2016 12:10,Standard Class
DEBIT,187.5,Late delivery,Women's Apparel,Consumer,NY,14150,Golf,43.01396942,-78.87906647,Bulgaria,4079,10/20/2016 20:06,5,250,187.5,Eastern Europe,COMPLETE,502,Nike Men's Dri-FIT Victory Golf Polo,50,10/25/2016 20:06,Standard Class
DEBIT,187.5,Advance shipping,Women's Apparel,Consumer,VA,24060,Golf,37.24211121,-80.42279053,Bulgaria,8854,01/09/17 14:33,5,250,187.5,Eastern Europe,COMPLETE,502,Nike Men's Dri-FIT Victory Golf Polo,50,01/12/17 14:33,Standard Class
DEBIT,187.5,Late delivery,Women's Apparel,Consumer,CA,92707,Golf,33.66559982,-117.8830566,Reino Unido,6758,07/03/15 00:58,5,250,187.5,Northern Europe,COMPLETE,502,Nike Men's Dri-FIT Victory Golf Polo,50,07/09/15 00:58,Standard Class
DEBIT,187.5,Late delivery,Women's Apparel,Consumer,MA,2124,Golf,42.29180145,-71.0724411,Italia,2398,09/11/15 12:47,5,250,187.5,Southern Europe,COMPLETE,502,Nike Men's Dri-FIT Victory Golf Polo,50,9/16/2015 12:47,Standard Class
DEBIT,149.9600067,Advance shipping,Shop By Sport,Consumer,FL,32073,Golf,30.1652298,-81.72342682,Alemania,9555,6/17/2015 3:26,5,199.9499969,149.9600067,Western Europe,COMPLETE,627,Under Armour Girls' Toddler Spine Surge Runni,39.99000168,6/19/2015 3:26,Standard Class
DEBIT,187.5,Advance shipping,Women's Apparel,Consumer,NY,10458,Golf,40.83815384,-73.87194824,Francia,6524,10/01/17 04:12,5,250,187.5,Western Europe,COMPLETE,502,Nike Men's Dri-FIT Victory Golf Polo,50,10/03/17 04:12,Standard Class
DEBIT,187.5,Advance shipping,Women's Apparel,Consumer,NY,11234,Golf,40.63061905,-73.92346191,Francia,7612,10/21/2015 1:10,5,250,187.5,Western Europe,COMPLETE,502,Nike Men's Dri-FIT Victory Golf Polo,50,10/23/2015 1:10,Standard Class
DEBIT,187.5,Advance shipping,Women's Apparel,Consumer,PA,17402,Golf,39.95970917,-76.63762665,Francia,7439,9/20/2015 15:02,5,250,187.5,Western Europe,COMPLETE,502,Nike Men's Dri-FIT Victory Golf Polo,50,9/23/2015 15:02,Standard Class
DEBIT,254.75,Advance shipping,Electronics,Consumer,OR,97470,Outdoors,43.29366684,-123.3505096,Francia,7567,07/10/15 17:36,5,259.9500122,254.75,Western Europe,COMPLETE,821,Titleist Pro V1 High Numbers Personalized Gol,51.99000168,7/13/2015 17:36,Standard Class
DEBIT,121.1999969,Advance shipping,Accessories,Consumer,NY,11368,Outdoors,40.74210739,-73.86962128,Reino Unido,9174,7/22/2015 18:38,5,124.9499969,121.1999969,Northern Europe,COMPLETE,893,Team Golf Pittsburgh Steelers Putter Grip,24.98999977,7/25/2015 18:38,Standard Class
DEBIT,121.1999969,Advance shipping,Accessories,Consumer,RI,2895,Outdoors,42.01382065,-71.51352692,Austria,11641,8/23/2015 3:52,5,124.9499969,121.1999969,Western Europe,COMPLETE,893,Team Golf Pittsburgh Steelers Putter Grip,24.98999977,8/26/2015 3:52,Standard Class
DEBIT,118.6999969,Late delivery,Accessories,Consumer,IL,60505,Outdoors,41.75242996,-88.30867767,República Checa,7326,11/18/2016 10:46,5,124.9499969,118.6999969,Eastern Europe,COMPLETE,893,Team Golf Pittsburgh Steelers Putter Grip,24.98999977,11/23/2016 10:46,Standard Class
DEBIT,94.94999695,Shipping on time,Golf Balls,Consumer,CA,92336,Outdoors,34.15697479,-117.4821548,Italia,4908,10/04/15 22:44,5,99.94999695,94.94999695,Southern Europe,COMPLETE,810,Glove It Women's Mod Oval Golf Glove,19.98999977,10/08/15 22:44,Standard Class
DEBIT,75.55000305,Late delivery,Trade-In,Consumer,MA,2135,Outdoors,42.34962845,-71.15328217,Francia,8202,8/31/2015 12:37,5,79.94999695,75.55000305,Western Europe,COMPLETE,924,Glove It Urban Brick Golf Towel,15.98999977,09/06/15 12:37,Standard Class
DEBIT,145.5500031,Late delivery,Electronics,Consumer,MN,55124,Outdoors,44.72552109,-93.20613098,República Checa,2041,09/06/16 14:54,5,159.9499969,145.5500031,Eastern Europe,COMPLETE,825,Bridgestone e6 Straight Distance NFL Tennesse,31.98999977,09/12/16 14:54,Standard Class
DEBIT,113.6999969,Advance shipping,Accessories,Consumer,NJ,7307,Outdoors,40.74726105,-74.04908752,Francia,10425,06/06/15 03:17,5,124.9499969,113.6999969,Western Europe,COMPLETE,886,Team Golf San Francisco Giants Putter Grip,24.98999977,06/09/15 03:17,Standard Class
DEBIT,90.94999695,Late delivery,Golf Balls,Consumer,TX,78207,Outdoors,29.42638016,-98.52271271,Suiza,1249,9/21/2015 18:01,5,99.94999695,90.94999695,Western Europe,COMPLETE,810,Glove It Women's Mod Oval Golf Glove,19.98999977,9/26/2015 18:01,Standard Class
DEBIT,112.4599991,Shipping on time,Accessories,Consumer,NY,14580,Outdoors,42.36322784,-79.48626709,Alemania,2495,9/14/2015 8:45,5,124.9499969,112.4599991,Western Europe,COMPLETE,893,Team Golf Pittsburgh Steelers Putter Grip,24.98999977,9/18/2015 8:45,Standard Class
DEBIT,89.95999908,Advance shipping,Golf Balls,Consumer,MD,20854,Outdoors,39.05631256,-77.16165924,Francia,4524,9/20/2015 23:27,5,99.94999695,89.95999908,Western Europe,COMPLETE,804,Glove It Women's Imperial Golf Glove,19.98999977,9/22/2015 23:27,Standard Class
DEBIT,69.55999756,Advance shipping,Trade-In,Consumer,TX,77469,Outdoors,29.58732224,-95.78038025,Francia,386,7/27/2015 20:54,5,79.94999695,69.55999756,Western Europe,COMPLETE,924,Glove It Urban Brick Golf Towel,15.98999977,7/29/2015 20:54,Standard Class
DEBIT,93.70999908,Late delivery,Accessories,Consumer,CA,92504,Outdoors,33.95330429,-117.3878937,Italia,8712,7/29/2015 11:05,5,124.9499969,93.70999908,Southern Europe,COMPLETE,893,Team Golf Pittsburgh Steelers Putter Grip,24.98999977,08/04/15 11:05,Standard Class
DEBIT,119.9599991,Late delivery,Electronics,Consumer,CA,92504,Outdoors,33.95330429,-117.3878937,Italia,8712,7/29/2015 11:05,5,159.9499969,119.9599991,Southern Europe,COMPLETE,835,Bridgestone e6 Straight Distance NFL Carolina,31.98999977,08/04/15 11:05,Standard Class
DEBIT,131.9600067,Shipping on time,Hunting & Shooting,Consumer,TX,77479,Fan Shop,29.68492317,-95.6342926,Rusia,9585,9/29/2016 5:14,5,149.9499969,131.9600067,Eastern Europe,COMPLETE,977,ENO Atlas Hammock Straps,29.98999977,10/03/16 05:14,Standard Class
DEBIT,430.6499939,Advance shipping,Hunting & Shooting,Consumer,UT,84119,Fan Shop,40.69752502,-111.9388733,Alemania,3758,07/03/17 15:11,5,495,430.6499939,Western Europe,COMPLETE,981,The North Face Women's Recon Backpack,99,07/06/17 15:11,Standard Class
DEBIT,127.4599991,Late delivery,Hunting & Shooting,Consumer,CO,80126,Fan Shop,39.522995,-104.9482193,España,8853,9/21/2015 5:45,5,149.9499969,127.4599991,Southern Europe,COMPLETE,977,ENO Atlas Hammock Straps,29.98999977,9/26/2015 5:45,Standard Class
DEBIT,124.4599991,Advance shipping,Hunting & Shooting,Consumer,CA,94539,Fan Shop,37.49027634,-121.9271088,Alemania,5408,09/06/15 04:12,5,149.9499969,124.4599991,Western Europe,COMPLETE,977,ENO Atlas Hammock Straps,29.98999977,09/09/15 04:12,Standard Class
DEBIT,222.6999969,Shipping on time,Electronics,Consumer,NC,27858,Footwear,35.57654572,-77.35910797,Rusia,12095,10/02/16 03:18,5,224.9499969,222.6999969,Eastern Europe,ON_HOLD,278,Under Armour Men's Compression EV SL Slide,44.99000168,10/06/16 03:18,Standard Class
DEBIT,489.9500122,Advance shipping,Cardio Equipment,Consumer,CA,90002,Footwear,33.94827271,-118.2431641,Francia,8435,7/29/2017 21:27,5,499.9500122,489.9500122,Western Europe,ON_HOLD,191,Nike Men's Free 5.0+ Running Shoe,99.98999786,7/31/2017 21:27,Standard Class
DEBIT,479.9500122,Advance shipping,Cardio Equipment,Consumer,FL,33312,Footwear,26.11425972,-80.16235352,Reino Unido,5402,07/07/15 14:16,5,499.9500122,479.9500122,Northern Europe,ON_HOLD,191,Nike Men's Free 5.0+ Running Shoe,99.98999786,07/10/15 14:16,Standard Class
DEBIT,472.4500122,Advance shipping,Cardio Equipment,Consumer,CA,93065,Footwear,34.28396988,-118.7701035,Alemania,507,8/29/2015 19:17,5,499.9500122,472.4500122,Western Europe,ON_HOLD,191,Nike Men's Free 5.0+ Running Shoe,99.98999786,09/01/15 19:17,Standard Class
DEBIT,464.9500122,Shipping on time,Cardio Equipment,Consumer,CA,94541,Footwear,37.67551041,-122.0496826,Francia,11840,9/27/2015 10:18,5,499.9500122,464.9500122,Western Europe,ON_HOLD,191,Nike Men's Free 5.0+ Running Shoe,99.98999786,10/01/15 10:18,Standard Class
DEBIT,454.9500122,Advance shipping,Cardio Equipment,Consumer,CA,92691,Footwear,33.23170853,-117.3020554,España,9675,8/28/2015 22:15,5,499.9500122,454.9500122,Southern Europe,ON_HOLD,191,Nike Men's Free 5.0+ Running Shoe,99.98999786,8/31/2015 22:15,Standard Class
DEBIT,449.9599915,Shipping on time,Cardio Equipment,Consumer,CA,95608,Footwear,34.04317856,-118.77948,Alemania,355,08/07/15 06:21,5,499.9500122,449.9599915,Western Europe,ON_HOLD,191,Nike Men's Free 5.0+ Running Shoe,99.98999786,08/11/15 06:21,Standard Class
DEBIT,419.9599915,Late delivery,Cardio Equipment,Consumer,CA,92392,Footwear,34.50935745,-117.3302917,Reino Unido,6005,8/13/2015 11:35,5,499.9500122,419.9599915,Northern Europe,ON_HOLD,191,Nike Men's Free 5.0+ Running Shoe,99.98999786,8/18/2015 11:35,Standard Class
DEBIT,419.9599915,Advance shipping,Cardio Equipment,Consumer,NY,11520,Footwear,40.65486527,-73.58707428,Francia,7926,7/24/2017 13:34,5,499.9500122,419.9599915,Western Europe,ON_HOLD,191,Nike Men's Free 5.0+ Running Shoe,99.98999786,7/26/2017 13:34,Standard Class
DEBIT,414.9599915,Advance shipping,Cardio Equipment,Consumer,MD,21218,Footwear,39.31308365,-76.61802673,Italia,8283,09/03/15 04:23,5,499.9500122,414.9599915,Southern Europe,ON_HOLD,191,Nike Men's Free 5.0+ Running Shoe,99.98999786,09/06/15 04:23,Standard Class
DEBIT,139.9600067,Advance shipping,Fitness Accessories,Consumer,FL,32792,Footwear,28.60344505,-81.31519318,Ucrania,1335,10/06/16 12:03,5,174.9499969,139.9600067,Eastern Europe,ON_HOLD,235,Under Armour Hustle Storm Medium Duffle Bag,34.99000168,10/09/16 12:03,Standard Class
DEBIT,293.9500122,Late delivery,Cleats,Consumer,IL,60610,Apparel,41.90405655,-87.63127899,Austria,12309,9/27/2017 5:15,5,299.9500122,293.9500122,Western Europe,ON_HOLD,365,Perfect Fitness Perfect Rip Deck,59.99000168,10/03/17 05:15,Standard Class
DEBIT,287.9500122,Advance shipping,Cleats,Consumer,GA,30083,Apparel,33.82987595,-84.14959717,Reino Unido,4543,06/03/15 04:51,5,299.9500122,287.9500122,Northern Europe,ON_HOLD,365,Perfect Fitness Perfect Rip Deck,59.99000168,06/05/15 04:51,Standard Class
DEBIT,284.9500122,Advance shipping,Cleats,Consumer,CA,92653,Apparel,33.61217499,-117.7096787,Reino Unido,7288,7/16/2017 22:00,5,299.9500122,284.9500122,Northern Europe,ON_HOLD,365,Perfect Fitness Perfect Rip Deck,59.99000168,7/19/2017 22:00,Standard Class
DEBIT,284.9500122,Late delivery,Cleats,Consumer,CA,93117,Apparel,34.41292954,-119.8607178,Suecia,5625,06/05/15 05:12,5,299.9500122,284.9500122,Northern Europe,ON_HOLD,365,Perfect Fitness Perfect Rip Deck,59.99000168,06/10/15 05:12,Standard Class
DEBIT,278.9500122,Shipping on time,Cleats,Consumer,CA,95608,Apparel,34.04317856,-118.77948,Alemania,355,08/07/15 06:21,5,299.9500122,278.9500122,Western Europe,ON_HOLD,365,Perfect Fitness Perfect Rip Deck,59.99000168,08/11/15 06:21,Standard Class
DEBIT,263.9599915,Late delivery,Cleats,Consumer,NY,10467,Apparel,40.87185669,-73.86618805,Rumania,5492,10/09/16 03:49,5,299.9500122,263.9599915,Eastern Europe,ON_HOLD,365,Perfect Fitness Perfect Rip Deck,59.99000168,10/14/2016 3:49,Standard Class
DEBIT,260.9599915,Advance shipping,Cleats,Consumer,FL,32792,Apparel,28.60344505,-81.31519318,Ucrania,1335,10/06/16 12:03,5,299.9500122,260.9599915,Eastern Europe,ON_HOLD,365,Perfect Fitness Perfect Rip Deck,59.99000168,10/09/16 12:03,Standard Class
DEBIT,260.9599915,Advance shipping,Cleats,Consumer,MD,21740,Apparel,39.64164352,-77.71981812,Alemania,1097,08/02/15 15:17,5,299.9500122,260.9599915,Western Europe,ON_HOLD,365,Perfect Fitness Perfect Rip Deck,59.99000168,08/04/15 15:17,Standard Class
DEBIT,254.9600067,Late delivery,Cleats,Consumer,WV,25401,Apparel,39.45571137,-77.96917725,Hungría,9201,1/18/2017 16:28,5,299.9500122,254.9600067,Eastern Europe,ON_HOLD,365,Perfect Fitness Perfect Rip Deck,59.99000168,1/23/2017 16:28,Standard Class
DEBIT,251.9600067,Late delivery,Cleats,Consumer,CA,94501,Apparel,37.77148056,-122.2670288,Irlanda,10681,07/03/17 19:44,5,299.9500122,251.9600067,Northern Europe,ON_HOLD,365,Perfect Fitness Perfect Rip Deck,59.99000168,07/09/17 19:44,Standard Class
DEBIT,248.9600067,Shipping on time,Cleats,Consumer,CA,91733,Apparel,34.0472908,-118.0503235,Suiza,6064,6/25/2015 11:50,5,299.9500122,248.9600067,Western Europe,ON_HOLD,365,Perfect Fitness Perfect Rip Deck,59.99000168,6/29/2015 11:50,Standard Class
DEBIT,239.9600067,Advance shipping,Cleats,Consumer,CA,92335,Apparel,34.09395981,-117.4498901,Italia,7018,7/22/2017 14:17,5,299.9500122,239.9600067,Southern Europe,ON_HOLD,365,Perfect Fitness Perfect Rip Deck,59.99000168,7/24/2017 14:17,Standard Class
DEBIT,110.4899979,Advance shipping,Men's Footwear,Corporate,OH,44136,Apparel,41.3469696,-81.82631683,Irán,8720,8/31/2016 5:27,1,129.9900055,110.4899979,South Asia,COMPLETE,403,Nike Men's CJ Elite 2 TD Football Cleat,129.9900055,09/03/16 05:27,Standard Class
DEBIT,50.99000168,Advance shipping,Cleats,Corporate,FL,33161,Apparel,25.90073586,-80.19805908,Indonesia,7022,11/18/2015 21:26,1,59.99000168,50.99000168,Southeast Asia,COMPLETE,365,Perfect Fitness Perfect Rip Deck,59.99000168,11/21/2015 21:26,Standard Class
DEBIT,110.4899979,Advance shipping,Men's Footwear,Corporate,CA,95035,Apparel,37.42661285,-121.91082,Singapur,1002,12/23/2015 1:15,1,129.9900055,110.4899979,Southeast Asia,COMPLETE,403,Nike Men's CJ Elite 2 TD Football Cleat,129.9900055,12/26/2015 1:15,Standard Class
DEBIT,110.4899979,Advance shipping,Men's Footwear,Corporate,CO,80013,Apparel,39.49591446,-98.98998261,Malasia,10291,12/31/2015 10:21,1,129.9900055,110.4899979,Southeast Asia,COMPLETE,403,Nike Men's CJ Elite 2 TD Football Cleat,129.9900055,01/02/16 10:21,Standard Class
DEBIT,183.4499969,Late delivery,Women's Clothing,Corporate,NJ,7960,Apparel,40.79858398,-74.4823761,Indonesia,20722,1/31/2018 11:23,1,215.8200073,183.4499969,Southeast Asia,COMPLETE,1363,Summer dresses,215.8200073,02/05/18 11:23,Standard Class
DEBIT,110.4899979,Shipping on time,Men's Footwear,Corporate,GA,31907,Apparel,32.52082825,-84.88657379,Turquía,6897,12/29/2016 5:38,1,129.9900055,110.4899979,West Asia,COMPLETE,403,Nike Men's CJ Elite 2 TD Football Cleat,129.9900055,01/02/17 05:38,Standard Class
DEBIT,110.4899979,Late delivery,Men's Footwear,Corporate,SC,29730,Apparel,34.82991028,-81.10264587,Arabia Saudí,6213,9/17/2016 9:48,1,129.9900055,110.4899979,West Asia,COMPLETE,403,Nike Men's CJ Elite 2 TD Football Cleat,129.9900055,9/22/2016 9:48,Standard Class
DEBIT,109.1900024,Shipping on time,Men's Footwear,Corporate,CA,90063,Apparel,34.04621506,-118.1860352,Corea del Sur,6763,12/25/2015 7:54,1,129.9900055,109.1900024,Eastern Asia,COMPLETE,403,Nike Men's CJ Elite 2 TD Football Cleat,129.9900055,12/29/2015 7:54,Standard Class
DEBIT,109.1900024,Advance shipping,Men's Footwear,Corporate,CA,92701,Apparel,33.63387299,-117.9146805,Australia,8290,12/12/15 23:09,1,129.9900055,109.1900024,Oceania,COMPLETE,403,Nike Men's CJ Elite 2 TD Football Cleat,129.9900055,12/14/2015 23:09,Standard Class
DEBIT,109.1900024,Late delivery,Men's Footwear,Corporate,FL,33068,Apparel,26.21472931,-80.23004913,Australia,8622,2/18/2016 21:40,1,129.9900055,109.1900024,Oceania,COMPLETE,403,Nike Men's CJ Elite 2 TD Football Cleat,129.9900055,2/24/2016 21:40,Standard Class
DEBIT,50.38999939,Late delivery,Cleats,Corporate,MO,63136,Apparel,38.66429138,-90.24147034,India,5222,11/25/2015 10:03,1,59.99000168,50.38999939,South Asia,COMPLETE,365,Perfect Fitness Perfect Rip Deck,59.99000168,11/30/2015 10:03,Standard Class
DEBIT,177.1100006,Advance shipping,Men's Clothing,Corporate,TX,78240,Apparel,29.52998352,-98.60829163,India,15955,11/22/2017 21:17,1,210.8500061,177.1100006,South Asia,COMPLETE,1357,Men's gala suit,210.8500061,11/25/2017 21:17,Standard Class
DEBIT,109.1900024,Late delivery,Men's Footwear,Corporate,HI,96822,Apparel,21.30562019,-157.8386993,Irán,3567,11/04/16 23:03,1,129.9900055,109.1900024,South Asia,COMPLETE,403,Nike Men's CJ Elite 2 TD Football Cleat,129.9900055,11/10/16 23:03,Standard Class
DEBIT,299.9599915,Advance shipping,Children's Clothing,Corporate,CA,90002,Apparel,34.13682938,-118.2667618,Filipinas,18020,12/23/2017 0:45,1,357.1000061,299.9599915,Southeast Asia,COMPLETE,1350,Children's heaters,357.1000061,12/26/2017 0:45,Standard Class
DEBIT,299.9599915,Late delivery,Children's Clothing,Corporate,TN,38127,Apparel,35.20468903,-89.85593414,Indonesia,18002,12/22/2017 18:27,1,357.1000061,299.9599915,Southeast Asia,COMPLETE,1350,Children's heaters,357.1000061,12/27/2017 18:27,Standard Class
DEBIT,50.38999939,Advance shipping,Cleats,Corporate,CA,90660,Apparel,33.98892212,-118.0814438,Malasia,14,1/29/2016 18:32,1,59.99000168,50.38999939,Southeast Asia,COMPLETE,365,Perfect Fitness Perfect Rip Deck,59.99000168,1/31/2016 18:32,Standard Class
DEBIT,109.1900024,Advance shipping,Men's Footwear,Corporate,CA,91910,Apparel,32.64635468,-117.0613861,Vietnam,11706,12/28/2015 19:38,1,129.9900055,109.1900024,Southeast Asia,COMPLETE,403,Nike Men's CJ Elite 2 TD Football Cleat,129.9900055,12/31/2015 19:38,Standard Class
DEBIT,109.1900024,Late delivery,Men's Footwear,Corporate,CA,92882,Apparel,33.8964386,-117.5557175,Indonesia,7437,11/21/2015 1:17,1,129.9900055,109.1900024,Southeast Asia,COMPLETE,403,Nike Men's CJ Elite 2 TD Football Cleat,129.9900055,11/27/2015 1:17,Standard Class
DEBIT,109.1900024,Advance shipping,Men's Footwear,Corporate,CO,80501,Apparel,40.1901207,-105.1010666,Indonesia,3603,1/14/2016 4:01,1,129.9900055,109.1900024,Southeast Asia,COMPLETE,403,Nike Men's CJ Elite 2 TD Football Cleat,129.9900055,1/17/2016 4:01,Standard Class
DEBIT,109.1900024,Shipping on time,Men's Footwear,Corporate,MO,63116,Apparel,38.56019592,-90.28090668,Tailandia,1131,02/11/16 05:02,1,129.9900055,109.1900024,Southeast Asia,COMPLETE,403,Nike Men's CJ Elite 2 TD Football Cleat,129.9900055,2/15/2016 5:02,Standard Class
DEBIT,109.1900024,Advance shipping,Men's Footwear,Corporate,IL,60619,Apparel,41.89527512,-87.73571014,Irak,4657,11/15/2016 16:54,1,129.9900055,109.1900024,West Asia,COMPLETE,403,Nike Men's CJ Elite 2 TD Football Cleat,129.9900055,11/17/2016 16:54,Standard Class
DEBIT,49.79000092,Late delivery,Cleats,Corporate,MA,2169,Apparel,42.23906326,-71.00604248,Japón,4005,1/20/2016 20:07,1,59.99000168,49.79000092,Eastern Asia,COMPLETE,365,Perfect Fitness Perfect Rip Deck,59.99000168,1/25/2016 20:07,Standard Class
DEBIT,107.8899994,Late delivery,Men's Footwear,Corporate,CA,90065,Apparel,34.11491013,-118.2400131,Japón,3121,2/16/2016 23:46,1,129.9900055,107.8899994,Eastern Asia,COMPLETE,403,Nike Men's CJ Elite 2 TD Football Cleat,129.9900055,2/21/2016 23:46,Standard Class
DEBIT,383.0299988,Shipping on time,Crafts,Corporate,CA,92126,Apparel,32.90143967,-117.1196289,Australia,18521,12/30/2017 8:16,1,461.480011,383.0299988,Oceania,COMPLETE,1353,Porcelain crafts,461.480011,01/03/18 08:16,Standard Class
DEBIT,107.8899994,Late delivery,Men's Footwear,Corporate,CA,94553,Apparel,38.01280975,-122.1327438,Australia,1615,12/28/2015 6:40,1,129.9900055,107.8899994,Oceania,COMPLETE,403,Nike Men's CJ Elite 2 TD Football Cleat,129.9900055,01/03/16 06:40,Standard Class
DEBIT,107.8899994,Late delivery,Men's Footwear,Corporate,TX,77093,Apparel,29.76576996,-95.37227631,Australia,5598,1/27/2016 4:53,1,129.9900055,107.8899994,Oceania,COMPLETE,403,Nike Men's CJ Elite 2 TD Football Cleat,129.9900055,02/02/16 04:53,Standard Class
DEBIT,179.1300049,Advance shipping,Women's Clothing,Corporate,MI,49201,Apparel,42.27891541,-84.46027374,Australia,17349,12/13/2017 5:40,1,215.8200073,179.1300049,Oceania,COMPLETE,1363,Summer dresses,215.8200073,12/15/2017 5:40,Standard Class
DEBIT,383.0299988,Late delivery,Crafts,Corporate,CA,95124,Apparel,37.26665497,-121.9148026,Pakistán,18323,12/27/2017 10:54,1,461.480011,383.0299988,South Asia,COMPLETE,1353,Porcelain crafts,461.480011,01/02/18 10:54,Standard Class
DEBIT,107.8899994,Late delivery,Men's Footwear,Corporate,TX,79924,Apparel,31.8982048,-106.3996811,Irán,940,12/02/16 04:26,1,129.9900055,107.8899994,South Asia,COMPLETE,403,Nike Men's CJ Elite 2 TD Football Cleat,129.9900055,12/08/16 04:26,Standard Class
DEBIT,296.3900146,Late delivery,Children's Clothing,Corporate,CA,95125,Apparel,37.26377106,-121.7268524,Myanmar (Birmania),17947,12/21/2017 23:10,1,357.1000061,296.3900146,Southeast Asia,COMPLETE,1350,Children's heaters,357.1000061,12/26/2017 23:10,Standard Class
DEBIT,107.8899994,Shipping on time,Men's Footwear,Corporate,CA,92833,Apparel,33.86329651,-117.9716263,Filipinas,10087,11/27/2015 10:44,1,129.9900055,107.8899994,Southeast Asia,COMPLETE,403,Nike Men's CJ Elite 2 TD Football Cleat,129.9900055,12/01/15 10:44,Standard Class
DEBIT,107.8899994,Advance shipping,Men's Footwear,Corporate,MI,48066,Apparel,41.86886215,-84.57365418,Indonesia,4435,03/07/16 21:17,1,129.9900055,107.8899994,Southeast Asia,COMPLETE,403,Nike Men's CJ Elite 2 TD Football Cleat,129.9900055,03/10/16 21:17,Standard Class
DEBIT,107.8899994,Shipping on time,Men's Footwear,Corporate,MO,63116,Apparel,38.56019592,-90.28090668,Tailandia,1131,02/11/16 05:02,1,129.9900055,107.8899994,Southeast Asia,COMPLETE,403,Nike Men's CJ Elite 2 TD Football Cleat,129.9900055,2/15/2016 5:02,Standard Class
DEBIT,107.8899994,Advance shipping,Men's Footwear,Corporate,OH,43228,Apparel,39.44782639,-84.18940735,Malasia,167,01/03/16 03:09,1,129.9900055,107.8899994,Southeast Asia,COMPLETE,403,Nike Men's CJ Elite 2 TD Football Cleat,129.9900055,01/05/16 03:09,Standard Class
DEBIT,49.79000092,Advance shipping,Cleats,Corporate,MD,21218,Apparel,39.32117081,-76.61475372,Irak,5185,11/09/16 00:06,1,59.99000168,49.79000092,West Asia,COMPLETE,365,Perfect Fitness Perfect Rip Deck,59.99000168,11/12/16 00:06,Standard Class
DEBIT,107.8899994,Advance shipping,Men's Footwear,Corporate,CA,92020,Apparel,32.79130173,-116.9535141,Turquía,5689,9/28/2016 2:36,1,129.9900055,107.8899994,West Asia,COMPLETE,403,Nike Men's CJ Elite 2 TD Football Cleat,129.9900055,10/01/16 02:36,Standard Class
DEBIT,106.5899963,Shipping on time,Men's Footwear,Corporate,AZ,85032,Apparel,33.60445786,-111.9907379,China,2752,02/08/16 19:13,1,129.9900055,106.5899963,Eastern Asia,COMPLETE,403,Nike Men's CJ Elite 2 TD Football Cleat,129.9900055,02/12/16 19:13,Standard Class
DEBIT,106.5899963,Advance shipping,Men's Footwear,Corporate,GA,30907,Apparel,31.78530121,-84.44017029,China,3122,12/05/15 14:14,1,129.9900055,106.5899963,Eastern Asia,COMPLETE,403,Nike Men's CJ Elite 2 TD Football Cleat,129.9900055,12/07/15 14:14,Standard Class
DEBIT,106.5899963,Shipping on time,Men's Footwear,Corporate,MI,48187,Apparel,42.34844208,-83.43744659,Japón,5033,12/31/2015 5:47,1,129.9900055,106.5899963,Eastern Asia,COMPLETE,403,Nike Men's CJ Elite 2 TD Football Cleat,129.9900055,01/04/16 05:47,Standard Class
DEBIT,49.18999863,Shipping on time,Cleats,Corporate,MI,48227,Apparel,42.39807892,-83.20157623,Australia,11930,02/06/16 02:25,1,59.99000168,49.18999863,Oceania,COMPLETE,365,Perfect Fitness Perfect Rip Deck,59.99000168,02/10/16 02:25,Standard Class
DEBIT,378.4100037,Late delivery,Crafts,Corporate,TX,76010,Apparel,32.72062683,-97.06020355,Australia,18322,12/27/2017 10:33,1,461.480011,378.4100037,Oceania,COMPLETE,1353,Porcelain crafts,461.480011,01/01/18 10:33,Standard Class
DEBIT,172.8999939,Shipping on time,Men's Clothing,Corporate,CA,92024,Apparel,33.04647064,-117.2896729,Australia,15971,11/23/2017 2:54,1,210.8500061,172.8999939,Oceania,COMPLETE,1357,Men's gala suit,210.8500061,11/27/2017 2:54,Standard Class
DEBIT,106.5899963,Late delivery,Men's Footwear,Corporate,GA,30044,Apparel,33.94185257,-84.08663178,Australia,5282,12/12/15 18:57,1,129.9900055,106.5899963,Oceania,COMPLETE,403,Nike Men's CJ Elite 2 TD Football Cleat,129.9900055,12/17/2015 18:57,Standard Class
DEBIT,106.5899963,Advance shipping,Men's Footwear,Corporate,PA,17603,Apparel,40.04026413,-76.31296539,Australia,7540,03/03/16 20:56,1,129.9900055,106.5899963,Oceania,COMPLETE,403,Nike Men's CJ Elite 2 TD Football Cleat,129.9900055,03/06/16 20:56,Standard Class
DEBIT,106.5899963,Shipping on time,Men's Footwear,Corporate,TX,76133,Apparel,32.66904068,-97.37830353,Australia,8279,01/11/16 08:03,1,129.9900055,106.5899963,Oceania,COMPLETE,403,Nike Men's CJ Elite 2 TD Football Cleat,129.9900055,1/15/2016 8:03,Standard Class
DEBIT,49.18999863,Late delivery,Cleats,Corporate,OR,97223,Apparel,45.44815064,-122.7694931,India,3695,12/26/2015 8:46,1,59.99000168,49.18999863,South Asia,COMPLETE,365,Perfect Fitness Perfect Rip Deck,59.99000168,12/31/2015 8:46,Standard Class
DEBIT,49.18999863,Shipping on time,Cleats,Corporate,UT,84119,Apparel,40.76031113,-111.8882217,Irán,9875,9/28/2016 15:13,1,59.99000168,49.18999863,South Asia,COMPLETE,365,Perfect Fitness Perfect Rip Deck,59.99000168,10/02/16 15:13,Standard Class
DEBIT,106.5899963,Late delivery,Men's Footwear,Corporate,CA,95023,Apparel,36.85219955,-121.4447479,Irán,4811,10/30/2016 2:34,1,129.9900055,106.5899963,South Asia,COMPLETE,403,Nike Men's CJ Elite 2 TD Football Cleat,129.9900055,11/04/16 02:34,Standard Class
DEBIT,106.5899963,Shipping on time,Men's Footwear,Corporate,FL,33010,Apparel,25.83031082,-80.27851105,India,4226,02/12/16 02:03,1,129.9900055,106.5899963,South Asia,COMPLETE,403,Nike Men's CJ Elite 2 TD Football Cleat,129.9900055,2/16/2016 2:03,Standard Class
DEBIT,106.5899963,Shipping on time,Men's Footwear,Corporate,CA,91406,Apparel,34.1971817,-118.4865265,Indonesia,629,11/08/15 11:18,1,129.9900055,106.5899963,Southeast Asia,COMPLETE,403,Nike Men's CJ Elite 2 TD Football Cleat,129.9900055,11/12/15 11:18,Standard Class
DEBIT,106.5899963,Shipping on time,Men's Footwear,Corporate,NJ,8817,Apparel,40.5020752,-74.40885162,Tailandia,3017,02/11/16 03:17,1,129.9900055,106.5899963,Southeast Asia,COMPLETE,403,Nike Men's CJ Elite 2 TD Football Cleat,129.9900055,2/15/2016 3:17,Standard Class
DEBIT,49.18999863,Advance shipping,Cleats,Corporate,WI,53511,Apparel,42.54066086,-89.16516113,Israel,11447,10/10/16 22:34,1,59.99000168,49.18999863,West Asia,COMPLETE,365,Perfect Fitness Perfect Rip Deck,59.99000168,10/12/16 22:34,Standard Class
DEBIT,103.9899979,Advance shipping,Men's Footwear,Corporate,AZ,85281,Apparel,33.41519928,-111.9199905,China,6557,01/06/16 18:45,1,129.9900055,103.9899979,Eastern Asia,COMPLETE,403,Nike Men's CJ Elite 2 TD Football Cleat,129.9900055,01/08/16 18:45,Standard Class
DEBIT,103.9899979,Advance shipping,Men's Footwear,Corporate,CA,91605,Apparel,34.16981888,-118.3789902,Nueva Zelanda,8927,3/21/2016 21:16,1,129.9900055,103.9899979,Oceania,COMPLETE,403,Nike Men's CJ Elite 2 TD Football Cleat,129.9900055,3/23/2016 21:16,Standard Class
DEBIT,103.9899979,Advance shipping,Men's Footwear,Corporate,CA,91748,Apparel,34.00062561,-117.9077301,Nueva Zelanda,8478,3/21/2016 9:00,1,129.9900055,103.9899979,Oceania,COMPLETE,403,Nike Men's CJ Elite 2 TD Football Cleat,129.9900055,3/23/2016 9:00,Standard Class
DEBIT,172.6600037,Late delivery,Women's Clothing,Corporate,CA,95060,Apparel,36.95898438,-122.0321121,Australia,17347,12/13/2017 4:58,1,215.8200073,172.6600037,Oceania,COMPLETE,1363,Summer dresses,215.8200073,12/18/2017 4:58,Standard Class
DEBIT,172.6600037,Advance shipping,Women's Clothing,Corporate,MN,55104,Apparel,44.96070862,-93.16983795,Australia,20664,1/30/2018 15:04,1,215.8200073,172.6600037,Oceania,COMPLETE,1363,Summer dresses,215.8200073,02/01/18 15:04,Standard Class
DEBIT,369.1799927,Advance shipping,Crafts,Corporate,TX,78704,Apparel,30.2586937,-97.76625061,Bangladés,18519,12/30/2017 7:34,1,461.480011,369.1799927,South Asia,COMPLETE,1353,Porcelain crafts,461.480011,01/01/18 07:34,Standard Class
DEBIT,103.9899979,Late delivery,Men's Footwear,Corporate,CA,93905,Apparel,36.68344116,-121.6128922,India,1849,01/11/16 07:00,1,129.9900055,103.9899979,South Asia,COMPLETE,403,Nike Men's CJ Elite 2 TD Football Cleat,129.9900055,1/17/2016 7:00,Standard Class
DEBIT,47.99000168,Late delivery,Cleats,Corporate,NC,28645,Apparel,36.11019898,-81.52600861,Camboya,9539,2/20/2016 3:05,1,59.99000168,47.99000168,Southeast Asia,COMPLETE,365,Perfect Fitness Perfect Rip Deck,59.99000168,2/25/2016 3:05,Standard Class
DEBIT,103.9899979,Late delivery,Men's Footwear,Corporate,CA,90033,Apparel,34.04983521,-118.2127457,Indonesia,6101,11/15/2015 18:49,1,129.9900055,103.9899979,Southeast Asia,COMPLETE,403,Nike Men's CJ Elite 2 TD Football Cleat,129.9900055,11/20/2015 18:49,Standard Class
DEBIT,172.6600037,Late delivery,Women's Clothing,Corporate,CA,94122,Apparel,37.7617569,-122.4713516,Indonesia,20592,1/29/2018 13:50,1,215.8200073,172.6600037,Southeast Asia,COMPLETE,1363,Summer dresses,215.8200073,02/03/18 13:50,Standard Class
DEBIT,103.9899979,Late delivery,Men's Footwear,Corporate,IL,60638,Apparel,36.95888138,-122.0326004,Arabia Saudí,345,01/03/17 14:12,1,129.9900055,103.9899979,West Asia,COMPLETE,403,Nike Men's CJ Elite 2 TD Football Cleat,129.9900055,01/09/17 14:12,Standard Class
DEBIT,103.9899979,Advance shipping,Men's Footwear,Corporate,MN,55337,Apparel,44.74595642,-93.28884125,Turquía,1747,10/26/2016 17:17,1,129.9900055,103.9899979,West Asia,COMPLETE,403,Nike Men's CJ Elite 2 TD Football Cleat,129.9900055,10/29/2016 17:17,Standard Class
DEBIT,44.31000137,Late delivery,Baby ,Corporate,PA,18103,Apparel,40.56148911,-75.47788239,China,17687,12/18/2017 4:05,1,59.08000183,44.31000137,Eastern Asia,COMPLETE,1347,Baby sweater,59.08000183,12/23/2017 4:05,Standard Class
DEBIT,44.99000168,Advance shipping,Cleats,Corporate,PA,19144,Apparel,40.03124619,-75.18191528,China,11693,11/25/2015 4:05,1,59.99000168,44.99000168,Eastern Asia,COMPLETE,365,Perfect Fitness Perfect Rip Deck,59.99000168,11/28/2015 4:05,Standard Class
DEBIT,97.48999786,Advance shipping,Men's Footwear,Corporate,AZ,85281,Apparel,33.41519928,-111.9199905,China,6557,01/06/16 18:45,1,129.9900055,97.48999786,Eastern Asia,COMPLETE,403,Nike Men's CJ Elite 2 TD Football Cleat,129.9900055,01/08/16 18:45,Standard Class
DEBIT,97.48999786,Advance shipping,Men's Footwear,Corporate,MD,20783,Apparel,38.9848671,-76.98126221,China,5200,2/16/2016 2:03,1,129.9900055,97.48999786,Eastern Asia,COMPLETE,403,Nike Men's CJ Elite 2 TD Football Cleat,129.9900055,2/19/2016 2:03,Standard Class
DEBIT,161.8699951,Advance shipping,Women's Clothing,Corporate,NY,11235,Apparel,40.66177368,-73.94522858,China,20699,1/31/2018 3:19,1,215.8200073,161.8699951,Eastern Asia,COMPLETE,1363,Summer dresses,215.8200073,02/02/18 03:19,Standard Class
DEBIT,44.99000168,Late delivery,Cleats,Corporate,MI,49201,Apparel,42.15800095,-84.4278183,Nueva Zelanda,1664,3/26/2016 2:31,1,59.99000168,44.99000168,Oceania,COMPLETE,365,Perfect Fitness Perfect Rip Deck,59.99000168,04/01/16 02:31,Standard Class
DEBIT,97.48999786,Late delivery,Men's Footwear,Corporate,IL,62301,Apparel,39.93153,-91.4054718,Australia,9573,3/18/2016 10:35,1,129.9900055,97.48999786,Oceania,COMPLETE,403,Nike Men's CJ Elite 2 TD Football Cleat,129.9900055,3/24/2016 10:35,Standard Class
DEBIT,97.48999786,Advance shipping,Men's Footwear,Corporate,MI,48213,Apparel,42.39391327,-83.00836945,Australia,8314,03/11/16 12:52,1,129.9900055,97.48999786,Oceania,COMPLETE,403,Nike Men's CJ Elite 2 TD Football Cleat,129.9900055,3/14/2016 12:52,Standard Class
DEBIT,97.48999786,Late delivery,Men's Footwear,Corporate,NY,10472,Apparel,40.84075546,-73.88039398,Nueva Zelanda,730,3/28/2016 8:28,1,129.9900055,97.48999786,Oceania,COMPLETE,403,Nike Men's CJ Elite 2 TD Football Cleat,129.9900055,04/02/16 08:28,Standard Class
DEBIT,97.48999786,Shipping on time,Men's Footwear,Corporate,NY,10473,Apparel,40.81995392,-73.86433411,Australia,8204,03/12/16 19:00,1,129.9900055,97.48999786,Oceania,COMPLETE,403,Nike Men's CJ Elite 2 TD Football Cleat,129.9900055,3/16/2016 19:00,Standard Class
DEBIT,161.8699951,Late delivery,Women's Clothing,Corporate,PA,17404,Apparel,39.95060349,-76.77706909,Australia,20663,1/30/2018 14:43,1,215.8200073,161.8699951,Oceania,COMPLETE,1363,Summer dresses,215.8200073,02/05/18 14:43,Standard Class
DEBIT,97.48999786,Advance shipping,Men's Footwear,Corporate,NJ,8901,Apparel,40.49235535,-74.44373322,Bangladés,10148,1/27/2016 2:04,1,129.9900055,97.48999786,South Asia,COMPLETE,403,Nike Men's CJ Elite 2 TD Football Cleat,129.9900055,1/30/2016 2:04,Standard Class
DEBIT,97.48999786,Advance shipping,Men's Footwear,Corporate,OR,97007,Apparel,45.43399048,-122.8325806,Irán,9800,12/27/2016 16:30,1,129.9900055,97.48999786,South Asia,COMPLETE,403,Nike Men's CJ Elite 2 TD Football Cleat,129.9900055,12/30/2016 16:30,Standard Class
DEBIT,44.99000168,Late delivery,Cleats,Corporate,TN,38401,Apparel,35.68884659,-86.81004334,Indonesia,1098,11/21/2015 9:42,1,59.99000168,44.99000168,Southeast Asia,COMPLETE,365,Perfect Fitness Perfect Rip Deck,59.99000168,11/26/2015 9:42,Standard Class
DEBIT,346.1099854,Late delivery,Crafts,Corporate,CO,80219,Apparel,39.71104431,-105.0919266,Filipinas,18392,12/28/2017 11:05,1,461.480011,346.1099854,Southeast Asia,COMPLETE,1353,Porcelain crafts,461.480011,01/02/18 11:05,Standard Class
DEBIT,97.48999786,Advance shipping,Men's Footwear,Corporate,DC,20020,Apparel,38.85520172,-76.84945679,Vietnam,12007,02/10/16 10:49,1,129.9900055,97.48999786,Southeast Asia,COMPLETE,403,Nike Men's CJ Elite 2 TD Football Cleat,129.9900055,02/12/16 10:49,Standard Class
DEBIT,97.48999786,Late delivery,Men's Footwear,Corporate,IL,60411,Apparel,41.51544571,-87.64269257,Indonesia,9181,02/07/16 08:53,1,129.9900055,97.48999786,Southeast Asia,COMPLETE,403,Nike Men's CJ Elite 2 TD Football Cleat,129.9900055,2/13/2016 8:53,Standard Class
DEBIT,44.99000168,Advance shipping,Cleats,Corporate,CA,93304,Apparel,35.3078804,-119.2523956,Irak,11372,8/31/2016 8:36,1,59.99000168,44.99000168,West Asia,COMPLETE,365,Perfect Fitness Perfect Rip Deck,59.99000168,09/02/16 08:36,Standard Class
DEBIT,97.48999786,Shipping on time,Men's Footwear,Corporate,CA,91762,Apparel,34.06832504,-117.6557541,Irak,6422,9/17/2016 4:12,1,129.9900055,97.48999786,West Asia,COMPLETE,403,Nike Men's CJ Elite 2 TD Football Cleat,129.9900055,9/21/2016 4:12,Standard Class
DEBIT,97.48999786,Advance shipping,Men's Footwear,Corporate,CA,92054,Apparel,33.1927948,-117.3563385,Turquía,9858,09/10/16 00:11,1,129.9900055,97.48999786,West Asia,COMPLETE,403,Nike Men's CJ Elite 2 TD Football Cleat,129.9900055,9/13/2016 0:11,Standard Class
DEBIT,97.48999786,Advance shipping,Men's Footwear,Corporate,WI,53511,Apparel,42.54066086,-89.16516113,Israel,11447,10/10/16 22:34,1,129.9900055,97.48999786,West Asia,COMPLETE,403,Nike Men's CJ Elite 2 TD Football Cleat,129.9900055,10/12/16 22:34,Standard Class
DEBIT,39.99000168,Advance shipping,Shop By Sport,Corporate,CA,95206,Golf,37.98533249,-121.2976837,China,351,03/12/16 20:03,1,39.99000168,39.99000168,Eastern Asia,COMPLETE,627,Under Armour Girls' Toddler Spine Surge Runni,39.99000168,3/14/2016 20:03,Standard Class
DEBIT,50,Shipping on time,Women's Apparel,Corporate,MD,20783,Golf,33.35597992,-111.9122238,China,95,02/12/16 16:04,1,50,50,Eastern Asia,COMPLETE,502,Nike Men's Dri-FIT Victory Golf Polo,50,2/16/2016 16:04,Standard Class
DEBIT,50,Advance shipping,Women's Apparel,Corporate,CA,92882,Golf,33.87208557,-117.5922241,India,11725,2/20/2016 21:18,1,50,50,South Asia,COMPLETE,502,Nike Men's Dri-FIT Victory Golf Polo,50,2/22/2016 21:18,Standard Class
DEBIT,50,Late delivery,Women's Apparel,Corporate,CA,91402,Golf,37.73804474,-120.9601974,India,8275,01/12/16 12:47,1,50,50,South Asia,COMPLETE,502,Nike Men's Dri-FIT Victory Golf Polo,50,1/18/2016 12:47,Standard Class
DEBIT,39.99000168,Late delivery,Shop By Sport,Corporate,CA,90813,Golf,33.78245163,-118.1922455,Indonesia,1415,1/20/2016 4:43,1,39.99000168,39.99000168,Southeast Asia,COMPLETE,627,Under Armour Girls' Toddler Spine Surge Runni,39.99000168,1/26/2016 4:43,Standard Class
DEBIT,50,Shipping on time,Women's Apparel,Corporate,CO,80918,Golf,38.84238052,-104.8548813,Turquía,11462,1/16/2017 9:49,1,50,50,West Asia,COMPLETE,502,Nike Men's Dri-FIT Victory Golf Polo,50,1/20/2017 9:49,Standard Class
DEBIT,39.59000015,Advance shipping,Shop By Sport,Corporate,NY,14120,Golf,43.02910233,-78.87342072,Irán,6376,01/05/17 08:57,1,39.99000168,39.59000015,South Asia,COMPLETE,627,Under Armour Girls' Toddler Spine Surge Runni,39.99000168,01/08/17 08:57,Standard Class
DEBIT,49.5,Advance shipping,Women's Apparel,Corporate,CA,92345,Golf,34.42259598,-117.303566,Filipinas,4688,1/30/2016 14:09,1,50,49.5,Southeast Asia,COMPLETE,502,Nike Men's Dri-FIT Victory Golf Polo,50,02/02/16 14:09,Standard Class
DEBIT,39.59000015,Late delivery,Shop By Sport,Corporate,CA,92503,Golf,33.94258881,-117.4573898,Arabia Saudí,4825,12/20/2016 15:17,1,39.99000168,39.59000015,West Asia,COMPLETE,627,Under Armour Girls' Toddler Spine Surge Runni,39.99000168,12/25/2016 15:17,Standard Class
DEBIT,49,Advance shipping,Women's Apparel,Corporate,TX,76010,Golf,32.72062683,-97.06020355,Japón,10800,02/12/16 05:12,1,50,49,Eastern Asia,COMPLETE,502,Nike Men's Dri-FIT Victory Golf Polo,50,2/15/2016 5:12,Standard Class
DEBIT,49,Shipping on time,Women's Apparel,Corporate,MD,20783,Golf,38.97014999,-76.9909668,Australia,11922,3/18/2016 15:08,1,50,49,Oceania,COMPLETE,502,Nike Men's Dri-FIT Victory Golf Polo,50,3/22/2016 15:08,Standard Class
DEBIT,49,Late delivery,Women's Apparel,Corporate,PA,19124,Golf,40.01562119,-75.08410645,Australia,10071,3/15/2016 3:45,1,50,49,Oceania,COMPLETE,502,Nike Men's Dri-FIT Victory Golf Polo,50,3/21/2016 3:45,Standard Class
DEBIT,39.18999863,Advance shipping,Shop By Sport,Corporate,OH,44136,Golf,41.3469696,-81.82631683,Irán,8720,8/31/2016 5:27,1,39.99000168,39.18999863,South Asia,COMPLETE,627,Under Armour Girls' Toddler Spine Surge Runni,39.99000168,09/03/16 05:27,Standard Class
DEBIT,38.79000092,Shipping on time,Shop By Sport,Corporate,MD,20783,Golf,33.35597992,-111.9122238,China,95,02/12/16 16:04,1,39.99000168,38.79000092,Eastern Asia,COMPLETE,627,Under Armour Girls' Toddler Spine Surge Runni,39.99000168,2/16/2016 16:04,Standard Class
DEBIT,38.79000092,Shipping on time,Shop By Sport,Corporate,WI,54935,Golf,43.78569031,-88.47438049,China,1244,01/04/16 04:23,1,39.99000168,38.79000092,Eastern Asia,COMPLETE,627,Under Armour Girls' Toddler Spine Surge Runni,39.99000168,01/08/16 04:23,Standard Class
DEBIT,48.5,Advance shipping,Women's Apparel,Corporate,NV,89030,Golf,36.24926758,-115.0395355,Australia,8676,11/20/2015 23:53,1,50,48.5,Oceania,COMPLETE,502,Nike Men's Dri-FIT Victory Golf Polo,50,11/22/2015 23:53,Standard Class
DEBIT,48.5,Late delivery,Women's Apparel,Corporate,PA,19124,Golf,40.01562119,-75.08410645,Australia,10071,3/15/2016 3:45,1,50,48.5,Oceania,COMPLETE,502,Nike Men's Dri-FIT Victory Golf Polo,50,3/21/2016 3:45,Standard Class
DEBIT,48.5,Shipping on time,Women's Apparel,Corporate,LA,70570,Golf,30.61235046,-92.12638855,Indonesia,11056,1/23/2016 10:50,1,50,48.5,Southeast Asia,COMPLETE,502,Nike Men's Dri-FIT Victory Golf Polo,50,1/27/2016 10:50,Standard Class
DEBIT,48.5,Shipping on time,Women's Apparel,Corporate,NC,27511,Golf,35.76636124,-78.78697205,Turquía,11063,9/28/2016 23:59,1,50,48.5,West Asia,COMPLETE,502,Nike Men's Dri-FIT Victory Golf Polo,50,10/02/16 23:59,Standard Class
DEBIT,38.38999939,Late delivery,Shop By Sport,Corporate,VA,23455,Golf,36.91083145,-76.12958527,Afganistán,10510,01/04/16 02:59,1,39.99000168,38.38999939,South Asia,COMPLETE,627,Under Armour Girls' Toddler Spine Surge Runni,39.99000168,01/09/16 02:59,Standard Class
DEBIT,48,Advance shipping,Women's Apparel,Corporate,TX,75150,Golf,32.80491638,-96.61859131,Turquía,12169,11/15/2016 8:30,1,50,48,West Asia,COMPLETE,502,Nike Men's Dri-FIT Victory Golf Polo,50,11/18/2016 8:30,Standard Class
DEBIT,37.99000168,Shipping on time,Shop By Sport,Corporate,CA,93063,Golf,34.26791382,-118.6712112,Australia,9769,1/18/2016 4:43,1,39.99000168,37.99000168,Oceania,COMPLETE,627,Under Armour Girls' Toddler Spine Surge Runni,39.99000168,1/22/2016 4:43,Standard Class
DEBIT,47.5,Advance shipping,Women's Apparel,Corporate,OH,44109,Golf,41.436409,-81.70665741,Nueva Zelanda,11828,3/26/2016 4:58,1,50,47.5,Oceania,COMPLETE,502,Nike Men's Dri-FIT Victory Golf Polo,50,3/29/2016 4:58,Standard Class
DEBIT,37.79000092,Late delivery,Shop By Sport,Corporate,NC,27610,Golf,35.79488754,-78.70513916,India,2919,11/09/15 02:00,1,39.99000168,37.79000092,South Asia,COMPLETE,627,Under Armour Girls' Toddler Spine Surge Runni,39.99000168,11/15/2015 2:00,Standard Class
DEBIT,47.25,Shipping on time,Women's Apparel,Corporate,UT,84119,Golf,40.76031113,-111.8882217,Irán,9875,9/28/2016 15:13,1,50,47.25,South Asia,COMPLETE,502,Nike Men's Dri-FIT Victory Golf Polo,50,10/02/16 15:13,Standard Class
DEBIT,46.5,Late delivery,Women's Apparel,Corporate,MO,63136,Golf,38.66429138,-90.24147034,India,5222,11/25/2015 10:03,1,50,46.5,South Asia,COMPLETE,502,Nike Men's Dri-FIT Victory Golf Polo,50,11/30/2015 10:03,Standard Class
DEBIT,46.5,Shipping on time,Women's Apparel,Corporate,NC,27330,Golf,35.58264542,-79.19521332,Malasia,7036,02/11/16 12:02,1,50,46.5,Southeast Asia,COMPLETE,502,Nike Men's Dri-FIT Victory Golf Polo,50,2/15/2016 12:02,Standard Class
DEBIT,46.5,Shipping on time,Women's Apparel,Corporate,IL,60804,Golf,41.86019898,-87.76747131,Irak,8264,8/27/2016 3:42,1,50,46.5,West Asia,COMPLETE,502,Nike Men's Dri-FIT Victory Golf Polo,50,8/31/2016 3:42,Standard Class
DEBIT,45.5,Late delivery,Women's Apparel,Corporate,NY,14094,Golf,43.16891098,-78.69216156,China,2035,1/26/2016 0:51,1,50,45.5,Eastern Asia,COMPLETE,502,Nike Men's Dri-FIT Victory Golf Polo,50,02/01/16 00:51,Standard Class
DEBIT,36.38999939,Late delivery,Shop By Sport,Corporate,NY,10002,Golf,40.71546173,-73.99006653,Australia,4642,2/27/2016 17:16,1,39.99000168,36.38999939,Oceania,COMPLETE,627,Under Armour Girls' Toddler Spine Surge Runni,39.99000168,03/03/16 17:16,Standard Class
DEBIT,45.5,Shipping on time,Women's Apparel,Corporate,TX,78040,Golf,27.4903183,-99.41866303,Nueva Zelanda,7675,3/30/2016 10:55,1,50,45.5,Oceania,COMPLETE,502,Nike Men's Dri-FIT Victory Golf Polo,50,04/03/16 10:55,Standard Class
DEBIT,45.5,Shipping on time,Women's Apparel,Corporate,TX,76133,Golf,32.66904068,-97.37830353,Australia,8279,01/11/16 08:03,1,50,45.5,Oceania,COMPLETE,502,Nike Men's Dri-FIT Victory Golf Polo,50,1/15/2016 8:03,Standard Class
DEBIT,36.38999939,Late delivery,Girls' Apparel,Corporate,MI,48185,Golf,42.33019257,-83.39046478,Georgia,12054,10/06/16 21:31,1,39.99000168,36.38999939,West Asia,COMPLETE,572,TYR Boys' Team Digi Jammer,39.99000168,10/11/16 21:31,Standard Class
DEBIT,45.5,Advance shipping,Women's Apparel,Corporate,NY,10453,Golf,40.85337067,-73.90963745,Irak,5208,01/05/17 19:07,1,50,45.5,West Asia,COMPLETE,502,Nike Men's Dri-FIT Victory Golf Polo,50,01/07/17 19:07,Standard Class
DEBIT,35.99000168,Late delivery,Shop By Sport,Corporate,CA,91911,Golf,32.65029907,-117.0454941,China,673,01/02/16 04:02,1,39.99000168,35.99000168,Eastern Asia,COMPLETE,627,Under Armour Girls' Toddler Spine Surge Runni,39.99000168,01/08/16 04:02,Standard Class
DEBIT,44,Shipping on time,Women's Apparel,Corporate,MO,63116,Golf,38.56019592,-90.28090668,Tailandia,1131,02/11/16 05:02,1,50,44,Southeast Asia,COMPLETE,502,Nike Men's Dri-FIT Victory Golf Polo,50,2/15/2016 5:02,Standard Class
DEBIT,43.5,Late delivery,Women's Apparel,Corporate,GA,30281,Golf,33.5944252,-84.12329102,Japón,4758,11/23/2015 14:15,1,50,43.5,Eastern Asia,COMPLETE,502,Nike Men's Dri-FIT Victory Golf Polo,50,11/28/2015 14:15,Standard Class
DEBIT,43.5,Late delivery,Women's Apparel,Corporate,FL,33068,Golf,26.21472931,-80.23004913,Australia,8622,2/18/2016 21:40,1,50,43.5,Oceania,COMPLETE,502,Nike Men's Dri-FIT Victory Golf Polo,50,2/24/2016 21:40,Standard Class
DEBIT,43.5,Late delivery,Women's Apparel,Corporate,NY,11220,Golf,40.6416893,-74.01692963,Australia,11217,2/25/2016 21:50,1,50,43.5,Oceania,COMPLETE,502,Nike Men's Dri-FIT Victory Golf Polo,50,03/02/16 21:50,Standard Class
DEBIT,42,Advance shipping,Women's Apparel,Corporate,CA,92026,Golf,33.21853256,-117.1401825,Irán,9902,10/14/2016 7:08,1,50,42,South Asia,COMPLETE,502,Nike Men's Dri-FIT Victory Golf Polo,50,10/16/2016 7:08,Standard Class
DEBIT,33.18999863,Advance shipping,Shop By Sport,Corporate,CA,92840,Golf,33.77386475,-118.0264511,Japón,4157,11/06/15 06:02,1,39.99000168,33.18999863,Eastern Asia,COMPLETE,627,Under Armour Girls' Toddler Spine Surge Runni,39.99000168,11/08/15 06:02,Standard Class
DEBIT,33.18999863,Advance shipping,Shop By Sport,Corporate,IL,60188,Golf,41.89032745,-88.10657501,China,222,03/02/16 16:34,1,39.99000168,33.18999863,Eastern Asia,COMPLETE,627,Under Armour Girls' Toddler Spine Surge Runni,39.99000168,03/04/16 16:34,Standard Class
DEBIT,33.18999863,Late delivery,Shop By Sport,Corporate,NY,11237,Golf,40.70238113,-73.91977692,China,11973,2/26/2016 16:45,1,39.99000168,33.18999863,Eastern Asia,COMPLETE,627,Under Armour Girls' Toddler Spine Surge Runni,39.99000168,03/02/16 16:45,Standard Class
DEBIT,41.5,Advance shipping,Women's Apparel,Corporate,CA,95206,Golf,37.98533249,-121.2976837,China,351,03/12/16 20:03,1,50,41.5,Eastern Asia,COMPLETE,502,Nike Men's Dri-FIT Victory Golf Polo,50,3/14/2016 20:03,Standard Class
DEBIT,33.18999863,Shipping on time,Shop By Sport,Corporate,KS,67401,Golf,38.77223587,-97.61299133,Nueva Zelanda,10790,3/23/2016 12:30,1,39.99000168,33.18999863,Oceania,COMPLETE,627,Under Armour Girls' Toddler Spine Surge Runni,39.99000168,3/27/2016 12:30,Standard Class
DEBIT,41.5,Advance shipping,Women's Apparel,Corporate,DC,20020,Golf,38.85520172,-76.84945679,Vietnam,12007,02/10/16 10:49,1,50,41.5,Southeast Asia,COMPLETE,502,Nike Men's Dri-FIT Victory Golf Polo,50,02/12/16 10:49,Standard Class
DEBIT,32.79000092,Advance shipping,Shop By Sport,Corporate,CA,93030,Golf,34.19039154,-119.177803,Australia,1169,12/31/2015 19:27,1,39.99000168,32.79000092,Oceania,COMPLETE,627,Under Armour Girls' Toddler Spine Surge Runni,39.99000168,01/03/16 19:27,Standard Class
DEBIT,41,Late delivery,Women's Apparel,Corporate,NY,10469,Golf,40.87459183,-73.8528595,Australia,8556,02/04/16 22:44,1,50,41,Oceania,COMPLETE,502,Nike Men's Dri-FIT Victory Golf Polo,50,02/09/16 22:44,Standard Class
DEBIT,41,Advance shipping,Women's Apparel,Corporate,CA,90723,Golf,33.89869309,-118.1745605,Indonesia,1118,1/28/2016 7:30,1,50,41,Southeast Asia,COMPLETE,502,Nike Men's Dri-FIT Victory Golf Polo,50,1/30/2016 7:30,Standard Class
DEBIT,41,Advance shipping,Women's Apparel,Corporate,MD,21218,Golf,39.32117081,-76.61475372,Irak,5185,11/09/16 00:06,1,50,41,West Asia,COMPLETE,502,Nike Men's Dri-FIT Victory Golf Polo,50,11/12/16 00:06,Standard Class
DEBIT,40,Shipping on time,Women's Apparel,Corporate,MD,20874,Golf,39.15438461,-77.25584412,China,8714,01/04/16 21:54,1,50,40,Eastern Asia,COMPLETE,502,Nike Men's Dri-FIT Victory Golf Polo,50,01/08/16 21:54,Standard Class
DEBIT,40,Late delivery,Women's Apparel,Corporate,FL,33012,Golf,25.86688042,-80.31456757,Bangladés,8678,1/20/2016 21:53,1,50,40,South Asia,COMPLETE,502,Nike Men's Dri-FIT Victory Golf Polo,50,1/25/2016 21:53,Standard Class
DEBIT,31.98999977,Advance shipping,Shop By Sport,Corporate,MI,48205,Golf,42.42877197,-82.98252869,Turquía,5511,12/22/2016 3:22,1,39.99000168,31.98999977,West Asia,COMPLETE,627,Under Armour Girls' Toddler Spine Surge Runni,39.99000168,12/25/2016 3:22,Standard Class
DEBIT,37.5,Late delivery,Women's Apparel,Corporate,CA,91402,Golf,37.73804474,-120.9601974,India,8275,01/12/16 12:47,1,50,37.5,South Asia,COMPLETE,502,Nike Men's Dri-FIT Victory Golf Polo,50,1/18/2016 12:47,Standard Class
DEBIT,21.98999977,Advance shipping,Trade-In,Corporate,IL,60634,Outdoors,41.939991,-87.78713989,China,7306,01/05/16 09:28,1,21.98999977,21.98999977,Eastern Asia,COMPLETE,917,Glove It Women's Mod Oval 3-Zip Carry All Gol,21.98999977,01/07/16 09:28,Standard Class
DEBIT,532.5800171,Advance shipping,Garden,Corporate,NY,10977,Outdoors,41.21263504,-73.81626892,Australia,15539,11/16/2017 19:33,1,532.5800171,532.5800171,Oceania,COMPLETE,1355,Lawn mower,532.5800171,11/18/2017 19:33,Standard Class
DEBIT,47.50999832,Late delivery,Electronics,Corporate,GA,30044,Outdoors,33.94185257,-84.08663178,Australia,5282,12/12/15 18:57,1,47.99000168,47.50999832,Oceania,COMPLETE,818,Titleist Pro V1x Golf Balls,47.99000168,12/17/2015 18:57,Standard Class
DEBIT,24.48999977,Late delivery,Accessories,Corporate,CA,95127,Outdoors,37.33936691,-121.9212952,China,10172,2/15/2016 23:36,1,24.98999977,24.48999977,Eastern Asia,COMPLETE,897,Team Golf New England Patriots Putter Grip,24.98999977,2/21/2016 23:36,Standard Class
DEBIT,521.9299927,Late delivery,Garden,Corporate,KS,67212,Outdoors,37.69120026,-97.42577362,Corea del Sur,15447,11/15/2017 11:19,1,532.5800171,521.9299927,Eastern Asia,COMPLETE,1355,Lawn mower,532.5800171,11/20/2017 11:19,Standard Class
DEBIT,24.48999977,Advance shipping,Accessories,Corporate,CA,90057,Outdoors,34.06108093,-118.2774735,Afganistán,6635,12/16/2015 14:45,1,24.98999977,24.48999977,South Asia,COMPLETE,885,Team Golf St. Louis Cardinals Putter Grip,24.98999977,12/18/2015 14:45,Standard Class
DEBIT,516.5999756,Advance shipping,Garden,Corporate,CA,91745,Outdoors,33.97114563,-117.9650879,Filipinas,15500,11/16/2017 5:53,1,532.5800171,516.5999756,Southeast Asia,COMPLETE,1355,Lawn mower,532.5800171,11/19/2017 5:53,Standard Class
DEBIT,516.5999756,Advance shipping,Garden,Corporate,CA,94509,Outdoors,38.00168991,-121.8279724,Myanmar (Birmania),15374,11/14/2017 9:44,1,532.5800171,516.5999756,Southeast Asia,COMPLETE,1355,Lawn mower,532.5800171,11/16/2017 9:44,Standard Class
DEBIT,505.9500122,Advance shipping,Garden,Corporate,NV,89110,Outdoors,36.18152618,-115.0874405,China,15660,11/18/2017 13:56,1,532.5800171,505.9500122,Eastern Asia,COMPLETE,1355,Lawn mower,532.5800171,11/21/2017 13:56,Standard Class
DEBIT,505.9500122,Late delivery,Garden,Corporate,OH,43228,Outdoors,39.83797073,-83.28674316,China,15498,11/16/2017 5:11,1,532.5800171,505.9500122,Eastern Asia,COMPLETE,1355,Lawn mower,532.5800171,11/22/2017 5:11,Standard Class
DEBIT,505.9500122,Shipping on time,Garden,Corporate,VA,22192,Outdoors,37.61552048,-77.32396698,China,15606,11/17/2017 19:01,1,532.5800171,505.9500122,Eastern Asia,COMPLETE,1355,Lawn mower,532.5800171,11/21/2017 19:01,Standard Class
DEBIT,505.9500122,Shipping on time,Garden,Corporate,CA,90002,Outdoors,34.13682938,-118.2667618,India,15426,11/15/2017 3:57,1,532.5800171,505.9500122,South Asia,COMPLETE,1355,Lawn mower,532.5800171,11/19/2017 3:57,Standard Class
DEBIT,503.2900085,Advance shipping,Garden,Corporate,NY,14120,Outdoors,43.02910233,-78.87342072,China,18659,01/01/18 08:37,1,532.5800171,503.2900085,Eastern Asia,COMPLETE,1355,Lawn mower,532.5800171,01/03/18 08:37,Standard Class
DEBIT,23.62000084,Late delivery,Accessories,Corporate,PA,19124,Outdoors,40.01562119,-75.08410645,Australia,10071,3/15/2016 3:45,1,24.98999977,23.62000084,Oceania,COMPLETE,885,Team Golf St. Louis Cardinals Putter Grip,24.98999977,3/21/2016 3:45,Standard Class
DEBIT,503.2900085,Late delivery,Garden,Corporate,CA,90004,Outdoors,34.09106064,-118.3208466,Australia,15497,11/16/2017 4:50,1,532.5800171,503.2900085,Oceania,COMPLETE,1355,Lawn mower,532.5800171,11/21/2017 4:50,Standard Class
DEBIT,503.2900085,Advance shipping,Garden,Corporate,NY,11520,Outdoors,40.65486527,-73.58707428,Indonesia,15569,11/17/2017 6:03,1,532.5800171,503.2900085,Southeast Asia,COMPLETE,1355,Lawn mower,532.5800171,11/19/2017 6:03,Standard Class
DEBIT,44.63000107,Late delivery,Electronics,Corporate,MI,49201,Outdoors,42.20007706,-84.43824005,China,5429,12/05/15 10:02,1,47.99000168,44.63000107,Eastern Asia,COMPLETE,818,Titleist Pro V1x Golf Balls,47.99000168,12/10/15 10:02,Standard Class
DEBIT,23.23999977,Shipping on time,Accessories,Corporate,CA,91762,Outdoors,34.06832504,-117.6557541,Irak,6422,9/17/2016 4:12,1,24.98999977,23.23999977,West Asia,COMPLETE,886,Team Golf San Francisco Giants Putter Grip,24.98999977,9/21/2016 4:12,Standard Class
DEBIT,484.6499939,Advance shipping,Garden,Corporate,KS,66062,Outdoors,38.89456177,-94.77796173,Australia,15675,11/18/2017 19:11,1,532.5800171,484.6499939,Oceania,COMPLETE,1355,Lawn mower,532.5800171,11/21/2017 19:11,Standard Class
DEBIT,479.3200073,Late delivery,Garden,Corporate,TX,75216,Outdoors,32.71627045,-96.76869202,Corea del Sur,15458,11/15/2017 15:10,1,532.5800171,479.3200073,Eastern Asia,COMPLETE,1355,Lawn mower,532.5800171,11/21/2017 15:10,Standard Class
DEBIT,468.6700134,Late delivery,Garden,Corporate,NY,11354,Outdoors,40.76358032,-73.83003998,Corea del Sur,15457,11/15/2017 14:49,1,532.5800171,468.6700134,Eastern Asia,COMPLETE,1355,Lawn mower,532.5800171,11/20/2017 14:49,Standard Class
DEBIT,468.6700134,Late delivery,Garden,Corporate,TX,78130,Outdoors,29.73966026,-98.10388947,China,15367,11/14/2017 7:17,1,532.5800171,468.6700134,Eastern Asia,COMPLETE,1355,Lawn mower,532.5800171,11/19/2017 7:17,Standard Class
DEBIT,28.14999962,Advance shipping,Electronics,Corporate,NY,10312,Outdoors,40.54027557,-74.16858673,Australia,10008,10/31/2015 10:15,1,31.98999977,28.14999962,Oceania,COMPLETE,828,Bridgestone e6 Straight Distance NFL San Dieg,31.98999977,11/03/15 10:15,Standard Class
DEBIT,468.6700134,Advance shipping,Garden,Corporate,CA,94087,Outdoors,39.16856766,-121.0644913,Australia,15475,11/15/2017 21:07,1,532.5800171,468.6700134,Oceania,COMPLETE,1355,Lawn mower,532.5800171,11/18/2017 21:07,Standard Class
DEBIT,14.0699997,Shipping on time,Trade-In,Corporate,IL,60804,Outdoors,41.86019898,-87.76747131,Irak,8264,8/27/2016 3:42,1,15.98999977,14.0699997,West Asia,COMPLETE,926,Glove It Imperial Golf Towel,15.98999977,8/31/2016 3:42,Standard Class
DEBIT,21.73999977,Late delivery,Accessories,Corporate,OR,97405,Outdoors,44.0263443,-123.0935287,Australia,4200,10/29/2015 23:55,1,24.98999977,21.73999977,Oceania,COMPLETE,897,Team Golf New England Patriots Putter Grip,24.98999977,11/03/15 23:55,Standard Class
DEBIT,44.18999863,Shipping on time,Electronics,Corporate,NC,27511,Outdoors,35.76636124,-78.78697205,Turquía,11063,9/28/2016 23:59,1,51.99000168,44.18999863,West Asia,COMPLETE,821,Titleist Pro V1 High Numbers Personalized Gol,51.99000168,10/02/16 23:59,Standard Class
DEBIT,447.3699951,Advance shipping,Garden,Corporate,CA,90220,Outdoors,33.89582443,-118.2425995,Corea del Sur,15490,11/16/2017 2:23,1,532.5800171,447.3699951,Eastern Asia,COMPLETE,1355,Lawn mower,532.5800171,11/19/2017 2:23,Standard Class
DEBIT,447.3699951,Advance shipping,Garden,Corporate,MN,55124,Outdoors,44.72552109,-93.20613098,Australia,15364,11/14/2017 6:14,1,532.5800171,447.3699951,Oceania,COMPLETE,1355,Lawn mower,532.5800171,11/16/2017 6:14,Standard Class
DEBIT,13.43000031,Advance shipping,Trade-In,Corporate,FL,33594,Outdoors,27.9327755,-82.22817993,India,3993,12/31/2015 21:12,1,15.98999977,13.43000031,South Asia,COMPLETE,926,Glove It Imperial Golf Towel,15.98999977,01/03/16 21:12,Standard Class
DEBIT,40.31000137,Advance shipping,Electronics,Corporate,CA,90262,Outdoors,36.9442215,-121.7960129,Irak,3148,01/12/17 17:52,1,47.99000168,40.31000137,West Asia,COMPLETE,822,Titleist Pro V1x High Numbers Golf Balls,47.99000168,1/15/2017 17:52,Standard Class
DEBIT,442.0400085,Advance shipping,Garden,Corporate,WA,98031,Outdoors,47.39371109,-122.2228317,Corea del Sur,15489,11/16/2017 2:02,1,532.5800171,442.0400085,Eastern Asia,COMPLETE,1355,Lawn mower,532.5800171,11/18/2017 2:02,Standard Class
DEBIT,20.73999977,Advance shipping,Accessories,Corporate,CA,92653,Outdoors,33.61217499,-117.7096787,Nueva Zelanda,9514,3/26/2016 15:29,1,24.98999977,20.73999977,Oceania,COMPLETE,897,Team Golf New England Patriots Putter Grip,24.98999977,3/29/2016 15:29,Standard Class
DEBIT,442.0400085,Advance shipping,Garden,Corporate,AZ,85282,Outdoors,33.40329361,-111.9140549,Tailandia,18669,01/01/18 12:07,1,532.5800171,442.0400085,Southeast Asia,COMPLETE,1355,Lawn mower,532.5800171,01/03/18 12:07,Standard Class
DEBIT,16.59000015,Advance shipping,Golf Balls,Corporate,MI,48213,Outdoors,42.3205452,-83.08823395,Irak,296,10/22/2016 9:56,1,19.98999977,16.59000015,West Asia,COMPLETE,810,Glove It Women's Mod Oval Golf Glove,19.98999977,10/25/2016 9:56,Standard Class
DEBIT,436.7200012,Late delivery,Garden,Corporate,CA,90034,Outdoors,34.02927399,-118.4060135,Sri Lanka,18722,01/02/18 06:41,1,532.5800171,436.7200012,South Asia,COMPLETE,1355,Lawn mower,532.5800171,01/07/18 06:41,Standard Class
DEBIT,19.98999977,Shipping on time,Accessories,Corporate,NY,14215,Outdoors,42.94129181,-78.80055237,Japón,7643,11/20/2015 22:50,1,24.98999977,19.98999977,Eastern Asia,COMPLETE,893,Team Golf Pittsburgh Steelers Putter Grip,24.98999977,11/24/2015 22:50,Standard Class
DEBIT,15.98999977,Advance shipping,Golf Balls,Corporate,CA,93436,Outdoors,34.6125679,-120.4261932,Australia,6083,1/14/2016 2:16,1,19.98999977,15.98999977,Oceania,COMPLETE,804,Glove It Women's Imperial Golf Glove,19.98999977,1/17/2016 2:16,Standard Class
DEBIT,12.78999996,Advance shipping,Trade-In,Corporate,VA,23503,Outdoors,36.94371414,-76.25325012,Australia,8772,12/19/2015 18:25,1,15.98999977,12.78999996,Oceania,COMPLETE,924,Glove It Urban Brick Golf Towel,15.98999977,12/22/2015 18:25,Standard Class
DEBIT,399.980011,Late delivery,Fishing,Corporate,CA,92802,Fan Shop,33.81289673,-117.9363785,China,10666,10/28/2015 14:59,1,399.980011,399.980011,Eastern Asia,COMPLETE,1004,Field & Stream Sportsman 16 Gun Fire Safe,399.980011,11/03/15 14:59,Standard Class
DEBIT,399.980011,Late delivery,Fishing,Corporate,MA,2151,Fan Shop,42.46273804,-70.94213104,Australia,496,12/19/2015 3:42,1,399.980011,399.980011,Oceania,COMPLETE,1004,Field & Stream Sportsman 16 Gun Fire Safe,399.980011,12/25/2015 3:42,Standard Class
DEBIT,299.980011,Late delivery,Camping & Hiking,Corporate,CA,91764,Fan Shop,34.07656479,-117.61409,Filipinas,4298,1/26/2016 4:00,1,299.980011,299.980011,Southeast Asia,COMPLETE,957,Diamondback Women's Serene Classic Comfort Bi,299.980011,1/31/2016 4:00,Standard Class
DEBIT,399.980011,Advance shipping,Fishing,Corporate,CA,92410,Fan Shop,34.11592865,-117.2950821,Filipinas,3396,01/05/16 19:58,1,399.980011,399.980011,Southeast Asia,COMPLETE,1004,Field & Stream Sportsman 16 Gun Fire Safe,399.980011,01/07/16 19:58,Standard Class
DEBIT,399.980011,Advance shipping,Fishing,Corporate,IL,60609,Fan Shop,41.89551926,-87.71821594,Tailandia,7705,01/01/16 02:28,1,399.980011,399.980011,Southeast Asia,COMPLETE,1004,Field & Stream Sportsman 16 Gun Fire Safe,399.980011,01/04/16 02:28,Standard Class
DEBIT,299.980011,Late delivery,Camping & Hiking,Corporate,CA,91790,Fan Shop,34.06787491,-117.9273758,Turquía,11797,11/25/2016 20:02,1,299.980011,299.980011,West Asia,COMPLETE,957,Diamondback Women's Serene Classic Comfort Bi,299.980011,12/01/16 20:02,Standard Class
TRANSFER,83,Shipping on time,Women's Apparel,Corporate,GA,30907,Golf,33.52104187,-82.04935455,India,8996,03/02/16 06:45,2,100,83,South Asia,PROCESSING,502,Nike Men's Dri-FIT Victory Golf Polo,50,03/06/16 06:45,Standard Class
TRANSFER,63.97999954,Advance shipping,Shop By Sport,Corporate,OH,43081,Golf,40.11835098,-82.92810822,Australia,2383,11/08/15 14:06,2,79.98000336,63.97999954,Oceania,PROCESSING,627,Under Armour Girls' Toddler Spine Surge Runni,39.99000168,11/10/15 14:06,Standard Class
TRANSFER,37.97999954,Late delivery,Golf Balls,Corporate,TN,38018,Outdoors,35.16332626,-89.81238556,Australia,4120,11/16/2015 7:05,2,39.97999954,37.97999954,Oceania,PROCESSING,804,Glove It Women's Imperial Golf Glove,19.98999977,11/21/2015 7:05,Standard Class
TRANSFER,47.47999954,Late delivery,Accessories,Corporate,OH,44109,Outdoors,41.41943359,-81.68500519,Filipinas,11252,12/09/15 12:08,2,49.97999954,47.47999954,Southeast Asia,PROCESSING,893,Team Golf Pittsburgh Steelers Putter Grip,24.98999977,12/14/2015 12:08,Standard Class
TRANSFER,94.62000275,Shipping on time,Electronics,Corporate,NV,89030,Outdoors,36.19946671,-115.1088638,India,1394,12/10/15 12:18,2,103.9800034,94.62000275,South Asia,PROCESSING,823,Titleist Pro V1x High Numbers Personalized Go,51.99000168,12/14/2015 12:18,Standard Class
TRANSFER,35.97999954,Late delivery,Golf Balls,Corporate,NY,12550,Outdoors,41.50205994,-74.01177216,Indonesia,5934,12/30/2015 16:29,2,39.97999954,35.97999954,Southeast Asia,PROCESSING,810,Glove It Women's Mod Oval Golf Glove,19.98999977,01/05/16 16:29,Standard Class
TRANSFER,37.38000107,Advance shipping,Trade-In,Corporate,IL,60623,Outdoors,41.89579392,-87.68901062,Vietnam,3352,01/01/16 03:52,2,43.97999954,37.38000107,Southeast Asia,PROCESSING,917,Glove It Women's Mod Oval 3-Zip Carry All Gol,21.98999977,01/03/16 03:52,Standard Class
TRANSFER,36.93999863,Late delivery,Trade-In,Corporate,CA,92504,Outdoors,33.96971512,-117.3822708,Turquía,11977,09/07/16 08:04,2,43.97999954,36.93999863,West Asia,PROCESSING,917,Glove It Women's Mod Oval 3-Zip Carry All Gol,21.98999977,09/12/16 08:04,Standard Class
TRANSFER,39.97999954,Shipping on time,Accessories,Corporate,CO,80110,Outdoors,39.62960815,-104.9947433,Australia,1801,3/24/2016 7:46,2,49.97999954,39.97999954,Oceania,PROCESSING,906,Team Golf Tennessee Volunteers Putter Grip,24.98999977,3/28/2016 7:46,Standard Class
TRANSFER,25.57999992,Shipping on time,Trade-In,Corporate,HI,96822,Outdoors,21.30562019,-157.8386993,Australia,3567,03/04/16 09:33,2,31.97999954,25.57999992,Oceania,PROCESSING,924,Glove It Urban Brick Golf Towel,15.98999977,03/08/16 09:33,Standard Class
TRANSFER,57.59999847,Shipping canceled,Cardio Equipment,Corporate,IL,60506,Footwear,39.70932007,-104.8145828,Irán,5614,10/03/16 20:38,2,60,57.59999847,South Asia,SUSPECTED_FRAUD,172,Nike Women's Tempo Shorts,30,10/05/16 20:38,Standard Class
TRANSFER,175.9799957,Shipping canceled,Cardio Equipment,Corporate,NJ,8901,Footwear,40.48884964,-74.44367218,Australia,5819,2/24/2016 6:56,2,199.9799957,175.9799957,Oceania,SUSPECTED_FRAUD,191,Nike Men's Free 5.0+ Running Shoe,99.98999786,2/29/2016 6:56,Standard Class
TRANSFER,100.7799988,Shipping canceled,Cleats,Corporate,OH,43230,Apparel,40.69503403,-82.10860443,China,6223,11/30/2015 9:31,2,119.9800034,100.7799988,Eastern Asia,SUSPECTED_FRAUD,365,Perfect Fitness Perfect Rip Deck,59.99000168,12/06/15 09:31,Standard Class
TRANSFER,95,Shipping canceled,Women's Apparel,Corporate,MI,48180,Golf,42.55255508,-83.0960846,Indonesia,9674,11/10/15 14:27,2,100,95,Southeast Asia,SUSPECTED_FRAUD,502,Nike Men's Dri-FIT Victory Golf Polo,50,11/15/2015 14:27,Standard Class
TRANSFER,67.98000336,Shipping canceled,Shop By Sport,Corporate,OH,45238,Golf,39.36315537,-84.3911438,Indonesia,11957,1/19/2016 19:15,2,79.98000336,67.98000336,Southeast Asia,SUSPECTED_FRAUD,627,Under Armour Girls' Toddler Spine Surge Runni,39.99000168,1/23/2016 19:15,Standard Class
TRANSFER,40.97999954,Shipping canceled,Accessories,Corporate,CA,93307,Outdoors,35.31053162,-119.0147934,China,2153,2/28/2016 3:26,2,49.97999954,40.97999954,Eastern Asia,SUSPECTED_FRAUD,893,Team Golf Pittsburgh Steelers Putter Grip,24.98999977,03/03/16 03:26,Standard Class
TRANSFER,109.1800003,Shipping canceled,Cleats,Corporate,CA,92129,Apparel,32.95711899,-117.106163,Estados Unidos,6736,6/17/2016 11:41,2,119.9800034,109.1800003,South of  USA ,CANCELED,365,Perfect Fitness Perfect Rip Deck,59.99000168,6/20/2016 11:41,Standard Class
TRANSFER,99.58000183,Shipping canceled,Cleats,Corporate,CA,90011,Apparel,34.07881928,-117.9346695,Estados Unidos,552,05/05/16 12:16,2,119.9800034,99.58000183,US Center ,CANCELED,365,Perfect Fitness Perfect Rip Deck,59.99000168,05/09/16 12:16,Standard Class
TRANSFER,77.58000183,Shipping canceled,Shop By Sport,Corporate,CA,93230,Golf,36.33087921,-119.6439438,Estados Unidos,7733,5/19/2016 17:30,2,79.98000336,77.58000183,South of  USA ,CANCELED,627,Under Armour Girls' Toddler Spine Surge Runni,39.99000168,5/22/2016 17:30,Standard Class
TRANSFER,85,Shipping canceled,Women's Apparel,Corporate,NJ,8021,Golf,39.81664658,-74.98467255,Estados Unidos,3424,7/22/2016 13:34,2,100,85,South of  USA ,CANCELED,502,Nike Men's Dri-FIT Victory Golf Polo,50,7/28/2016 13:34,Standard Class
TRANSFER,84,Shipping canceled,Women's Apparel,Corporate,NJ,8021,Golf,39.81664658,-74.98467255,Estados Unidos,3424,7/22/2016 13:34,2,100,84,South of  USA ,CANCELED,502,Nike Men's Dri-FIT Victory Golf Polo,50,7/28/2016 13:34,Standard Class
TRANSFER,199.9799957,Advance shipping,Cardio Equipment,Corporate,CA,91764,Footwear,34.01647949,-117.5505066,Estados Unidos,1263,5/22/2016 3:19,2,199.9799957,199.9799957,East of USA,PENDING,191,Nike Men's Free 5.0+ Running Shoe,99.98999786,5/25/2016 3:19,Standard Class
TRANSFER,197.9799957,Advance shipping,Cardio Equipment,Corporate,NY,11746,Footwear,40.85692978,-73.39674377,Estados Unidos,7347,7/30/2016 4:05,2,199.9799957,197.9799957,West of USA ,PENDING,191,Nike Men's Free 5.0+ Running Shoe,99.98999786,08/01/16 04:05,Standard Class
TRANSFER,195.9799957,Advance shipping,Cardio Equipment,Corporate,CA,91343,Footwear,34.23563004,-118.4847031,Estados Unidos,5271,7/22/2016 1:39,2,199.9799957,195.9799957,West of USA ,PENDING,191,Nike Men's Free 5.0+ Running Shoe,99.98999786,7/24/2016 1:39,Standard Class
TRANSFER,195.9799957,Advance shipping,Cardio Equipment,Corporate,NY,11216,Footwear,40.67913818,-73.94405365,Estados Unidos,7707,4/26/2016 19:07,2,199.9799957,195.9799957,West of USA ,PENDING,191,Nike Men's Free 5.0+ Running Shoe,99.98999786,4/28/2016 19:07,Standard Class
TRANSFER,104.4400024,Advance shipping,Boxing & MMA,Corporate,FL,32825,Footwear,28.55625916,-81.27587128,Estados Unidos,12055,05/10/16 17:42,2,109.9400024,104.4400024,South of  USA ,PENDING,249,Under Armour Women's Micro G Skulpt Running S,54.97000122,05/12/16 17:42,Standard Class
TRANSFER,189.9799957,Late delivery,Cardio Equipment,Corporate,CA,91306,Footwear,32.67501831,-117.0339661,Estados Unidos,10365,6/27/2016 8:52,2,199.9799957,189.9799957,South of  USA ,PENDING,191,Nike Men's Free 5.0+ Running Shoe,99.98999786,07/02/16 08:52,Standard Class
TRANSFER,175.9799957,Shipping on time,Cardio Equipment,Corporate,PA,19139,Footwear,39.95856094,-75.21888733,Estados Unidos,1618,8/15/2016 7:55,2,199.9799957,175.9799957,South of  USA ,PENDING,191,Nike Men's Free 5.0+ Running Shoe,99.98999786,8/19/2016 7:55,Standard Class
TRANSFER,173.9799957,Advance shipping,Cardio Equipment,Corporate,NY,11213,Footwear,40.66923523,-73.9449997,Canada,11573,12/17/2016 9:09,2,199.9799957,173.9799957,Canada,PENDING,191,Nike Men's Free 5.0+ Running Shoe,99.98999786,12/19/2016 9:09,Standard Class
TRANSFER,118.7799988,Advance shipping,Cleats,Corporate,FL,32825,Apparel,28.55625916,-81.27587128,Estados Unidos,12055,05/10/16 17:42,2,119.9800034,118.7799988,South of  USA ,PENDING,365,Perfect Fitness Perfect Rip Deck,59.99000168,05/12/16 17:42,Standard Class
TRANSFER,117.5800018,Advance shipping,Cleats,Corporate,CA,91402,Apparel,34.15893936,-118.1809387,Estados Unidos,1331,7/16/2016 10:46,2,119.9800034,117.5800018,East of USA,PENDING,365,Perfect Fitness Perfect Rip Deck,59.99000168,7/18/2016 10:46,Standard Class
TRANSFER,117.5800018,Late delivery,Cleats,Corporate,CA,94553,Apparel,38.01199341,-122.1196899,Estados Unidos,5097,6/16/2016 3:06,2,119.9800034,117.5800018,US Center ,PENDING,365,Perfect Fitness Perfect Rip Deck,59.99000168,6/21/2016 3:06,Standard Class
TRANSFER,117.5800018,Advance shipping,Cleats,Corporate,NC,27858,Apparel,35.4634819,-77.27427673,Estados Unidos,7178,8/17/2016 6:52,2,119.9800034,117.5800018,West of USA ,PENDING,365,Perfect Fitness Perfect Rip Deck,59.99000168,8/20/2016 6:52,Standard Class
TRANSFER,113.9800034,Late delivery,Cleats,Corporate,NY,12180,Apparel,42.73004913,-73.68952942,Estados Unidos,8404,4/27/2016 8:47,2,119.9800034,113.9800034,US Center ,PENDING,365,Perfect Fitness Perfect Rip Deck,59.99000168,05/03/16 08:47,Standard Class
TRANSFER,113.9800034,Advance shipping,Cleats,Corporate,CA,92376,Apparel,34.1004982,-117.3561707,Estados Unidos,10518,05/04/16 13:09,2,119.9800034,113.9800034,West of USA ,PENDING,365,Perfect Fitness Perfect Rip Deck,59.99000168,05/07/16 13:09,Standard Class
TRANSFER,105.5800018,Late delivery,Cleats,Corporate,MO,63376,Apparel,38.79064941,-90.61938477,Estados Unidos,1342,5/23/2016 15:24,2,119.9800034,105.5800018,South of  USA ,PENDING,365,Perfect Fitness Perfect Rip Deck,59.99000168,5/29/2016 15:24,Standard Class
TRANSFER,104.3799973,Late delivery,Cleats,Corporate,MO,63376,Apparel,38.79064941,-90.61938477,Estados Unidos,1342,5/23/2016 15:24,2,119.9800034,104.3799973,South of  USA ,PENDING,365,Perfect Fitness Perfect Rip Deck,59.99000168,5/29/2016 15:24,Standard Class
TRANSFER,104.3799973,Advance shipping,Cleats,Corporate,NC,27502,Apparel,35.72746658,-78.85482025,Estados Unidos,2511,6/30/2016 23:24,2,119.9800034,104.3799973,US Center ,PENDING,365,Perfect Fitness Perfect Rip Deck,59.99000168,07/02/16 23:24,Standard Class
TRANSFER,98.37999725,Advance shipping,Cleats,Corporate,NY,11746,Apparel,40.85692978,-73.39674377,Estados Unidos,7347,7/30/2016 4:05,2,119.9800034,98.37999725,West of USA ,PENDING,365,Perfect Fitness Perfect Rip Deck,59.99000168,08/01/16 04:05,Standard Class
TRANSFER,89.98999786,Late delivery,Cleats,Corporate,TX,77083,Apparel,26.19818115,-98.24855042,Estados Unidos,248,06/02/16 22:02,2,119.9800034,89.98999786,South of  USA ,PENDING,365,Perfect Fitness Perfect Rip Deck,59.99000168,06/07/16 22:02,Standard Class
TRANSFER,98,Advance shipping,Women's Apparel,Corporate,IL,60050,Golf,42.34788895,-88.28781891,Estados Unidos,5917,04/08/16 10:02,2,100,98,East of USA,PENDING,502,Nike Men's Dri-FIT Victory Golf Polo,50,04/11/16 10:02,Standard Class
TRANSFER,97,Advance shipping,Women's Apparel,Corporate,CA,92335,Golf,34.09395981,-117.4498901,Estados Unidos,10983,5/24/2016 21:53,2,100,97,East of USA,PENDING,502,Nike Men's Dri-FIT Victory Golf Polo,50,5/27/2016 21:53,Standard Class
TRANSFER,97,Advance shipping,Women's Apparel,Corporate,OH,43230,Golf,39.8379364,-83.28687286,Estados Unidos,11114,7/19/2016 21:27,2,100,97,East of USA,PENDING,502,Nike Men's Dri-FIT Victory Golf Polo,50,7/22/2016 21:27,Standard Class
TRANSFER,48,Advance shipping,Girls' Apparel,Corporate,TX,78572,Golf,26.20306206,-98.30255127,Estados Unidos,5902,7/25/2016 8:29,2,50,48,US Center ,PENDING,567,adidas Men's Germany Black Crest Away Tee,25,7/27/2016 8:29,Standard Class
TRANSFER,96,Late delivery,Women's Apparel,Corporate,MI,48227,Golf,42.39807892,-83.20157623,Estados Unidos,11930,5/28/2016 19:25,2,100,96,West of USA ,PENDING,502,Nike Men's Dri-FIT Victory Golf Polo,50,06/02/16 19:25,Standard Class
TRANSFER,93,Advance shipping,Women's Apparel,Corporate,MI,48205,Golf,42.42877197,-82.98252869,Estados Unidos,1219,5/21/2016 2:47,2,100,93,East of USA,PENDING,502,Nike Men's Dri-FIT Victory Golf Polo,50,5/24/2016 2:47,Standard Class
TRANSFER,55.79999924,Late delivery,Shop By Sport,Corporate,CA,92780,Golf,33.77279663,-117.8358154,Estados Unidos,4269,6/30/2016 9:02,2,60,55.79999924,West of USA ,PENDING,642,Columbia Men's PFG Anchor Tough T-Shirt,30,07/06/16 09:02,Standard Class
TRANSFER,90,Late delivery,Women's Apparel,Corporate,PA,19134,Golf,39.98654556,-75.1084671,Estados Unidos,6725,5/23/2016 13:18,2,100,90,East of USA,PENDING,502,Nike Men's Dri-FIT Victory Golf Polo,50,5/28/2016 13:18,Standard Class
TRANSFER,88,Advance shipping,Women's Apparel,Corporate,NY,11214,Golf,40.60320664,-73.99624634,Estados Unidos,5054,7/13/2016 0:26,2,100,88,South of  USA ,PENDING,502,Nike Men's Dri-FIT Victory Golf Polo,50,7/15/2016 0:26,Standard Class
TRANSFER,88,Shipping on time,Women's Apparel,Corporate,CA,90007,Golf,33.95978928,-118.3832703,Estados Unidos,10648,06/07/16 13:48,2,100,88,US Center ,PENDING,502,Nike Men's Dri-FIT Victory Golf Polo,50,06/11/16 13:48,Standard Class
TRANSFER,67.98000336,Late delivery,Shop By Sport,Corporate,CA,92707,Golf,33.66559982,-117.8830566,Estados Unidos,4986,07/08/16 18:08,2,79.98000336,67.98000336,East of USA,PENDING,627,Under Armour Girls' Toddler Spine Surge Runni,39.99000168,7/13/2016 18:08,Standard Class
TRANSFER,85,Late delivery,Women's Apparel,Corporate,VA,23455,Golf,36.91083145,-76.12958527,Estados Unidos,6708,08/07/16 19:51,2,100,85,US Center ,PENDING,502,Nike Men's Dri-FIT Victory Golf Polo,50,08/12/16 19:51,Standard Class
TRANSFER,82,Shipping on time,Women's Apparel,Corporate,CA,91702,Golf,34.13360977,-117.9058914,Canada,6872,11/02/16 09:02,2,100,82,Canada,PENDING,502,Nike Men's Dri-FIT Victory Golf Polo,50,11/06/16 09:02,Standard Class
TRANSFER,65.58000183,Late delivery,Shop By Sport,Corporate,PA,19149,Golf,40.03775024,-75.06806183,Estados Unidos,11170,4/14/2016 19:08,2,79.98000336,65.58000183,East of USA,PENDING,627,Under Armour Girls' Toddler Spine Surge Runni,39.99000168,4/19/2016 19:08,Standard Class
TRANSFER,59.99000168,Shipping on time,Shop By Sport,Corporate,NJ,7960,Golf,40.80119324,-74.48561096,Estados Unidos,289,7/14/2016 20:56,2,79.98000336,59.99000168,South of  USA ,PENDING,627,Under Armour Girls' Toddler Spine Surge Runni,39.99000168,7/18/2016 20:56,Standard Class
TRANSFER,92.13999939,Late delivery,Electronics,Corporate,IL,60426,Outdoors,41.82725143,-87.77909851,Estados Unidos,4707,7/29/2016 22:29,2,95.98000336,92.13999939,US Center ,PENDING,818,Titleist Pro V1x Golf Balls,47.99000168,08/04/16 22:29,Standard Class
TRANSFER,91.18000031,Late delivery,Electronics,Corporate,OH,44102,Outdoors,41.44094086,-81.70545197,Estados Unidos,3085,7/22/2016 3:03,2,95.98000336,91.18000031,East of USA,PENDING,822,Titleist Pro V1x High Numbers Golf Balls,47.99000168,7/28/2016 3:03,Standard Class
TRANSFER,47.22999954,Late delivery,Accessories,Corporate,MI,49201,Outdoors,42.27891541,-84.46027374,Estados Unidos,2319,07/10/16 13:56,2,49.97999954,47.22999954,US Center ,PENDING,897,Team Golf New England Patriots Putter Grip,24.98999977,7/15/2016 13:56,Standard Class
TRANSFER,85.48000336,Advance shipping,Electronics,Corporate,OR,97301,Footwear,44.95619965,-123.0315933,Estados Unidos,3302,04/04/16 11:05,2,89.98000336,85.48000336,East of USA,PROCESSING,278,Under Armour Men's Compression EV SL Slide,44.99000168,04/06/16 11:05,Standard Class
TRANSFER,55.79999924,Late delivery,Cardio Equipment,Corporate,NJ,7003,Footwear,40.79833603,-74.19944,Estados Unidos,3815,05/07/16 13:40,2,60,55.79999924,East of USA,PROCESSING,172,Nike Women's Tempo Shorts,30,05/12/16 13:40,Standard Class
TRANSFER,185.9799957,Advance shipping,Cardio Equipment,Corporate,TN,37130,Footwear,35.80252075,-86.36358643,Estados Unidos,10226,7/21/2016 8:08,2,199.9799957,185.9799957,West of USA ,PROCESSING,191,Nike Men's Free 5.0+ Running Shoe,99.98999786,7/23/2016 8:08,Standard Class
TRANSFER,62.97999954,Advance shipping,Fitness Accessories,Corporate,PA,17402,Footwear,39.9602356,-76.67675781,Estados Unidos,2456,6/20/2016 13:15,2,69.98000336,62.97999954,South of  USA ,PROCESSING,235,Under Armour Hustle Storm Medium Duffle Bag,34.99000168,6/23/2016 13:15,Standard Class
TRANSFER,169.9799957,Late delivery,Cardio Equipment,Corporate,GA,30096,Footwear,33.98516083,-84.15899658,Estados Unidos,4477,4/22/2016 6:09,2,199.9799957,169.9799957,East of USA,PROCESSING,191,Nike Men's Free 5.0+ Running Shoe,99.98999786,4/28/2016 6:09,Standard Class
TRANSFER,54.38000107,Advance shipping,Electronics,Corporate,PA,17013,Footwear,40.03171921,-76.87709808,Estados Unidos,4427,6/14/2016 15:22,2,63.97999954,54.38000107,US Center ,PROCESSING,282,Under Armour Women's Ignite PIP VI Slide,31.98999977,6/17/2016 15:22,Standard Class
TRANSFER,149.9900055,Shipping on time,Cardio Equipment,Corporate,IL,60120,Footwear,42.01158905,-88.2883606,Estados Unidos,3628,06/10/16 20:38,2,199.9799957,149.9900055,South of  USA ,PROCESSING,191,Nike Men's Free 5.0+ Running Shoe,99.98999786,6/14/2016 20:38,Standard Class
TRANSFER,109.1800003,Advance shipping,Cleats,Corporate,CA,91306,Apparel,32.66745758,-117.0288773,Estados Unidos,3029,7/27/2016 18:38,2,119.9800034,109.1800003,East of USA,PROCESSING,365,Perfect Fitness Perfect Rip Deck,59.99000168,7/30/2016 18:38,Standard Class
TRANSFER,109.1800003,Late delivery,Cleats,Corporate,CA,92509,Apparel,34.00926971,-117.4454727,Estados Unidos,11791,5/27/2016 15:45,2,119.9800034,109.1800003,East of USA,PROCESSING,365,Perfect Fitness Perfect Rip Deck,59.99000168,06/02/16 15:45,Standard Class
TRANSFER,107.9800034,Late delivery,Cleats,Corporate,PA,19148,Apparel,39.9560318,-75.19243622,Estados Unidos,5935,04/09/16 02:30,2,119.9800034,107.9800034,West of USA ,PROCESSING,365,Perfect Fitness Perfect Rip Deck,59.99000168,4/14/2016 2:30,Standard Class
TRANSFER,105.5800018,Advance shipping,Cleats,Corporate,TX,78704,Apparel,30.2586937,-97.76625061,Canada,12381,10/31/2016 18:09,2,119.9800034,105.5800018,Canada,PROCESSING,365,Perfect Fitness Perfect Rip Deck,59.99000168,11/03/16 18:09,Standard Class
TRANSFER,101.9800034,Advance shipping,Cleats,Corporate,NJ,8901,Apparel,40.48884964,-74.44367218,Estados Unidos,6227,6/24/2016 0:59,2,119.9800034,101.9800034,West of USA ,PROCESSING,365,Perfect Fitness Perfect Rip Deck,59.99000168,6/26/2016 0:59,Standard Class
TRANSFER,99.58000183,Advance shipping,Cleats,Corporate,VA,23503,Apparel,36.94200516,-76.24208069,Estados Unidos,1899,6/13/2016 20:06,2,119.9800034,99.58000183,West of USA ,PROCESSING,365,Perfect Fitness Perfect Rip Deck,59.99000168,6/16/2016 20:06,Standard Class
TRANSFER,98.37999725,Advance shipping,Cleats,Corporate,CT,6810,Apparel,39.3490448,-84.37216187,Estados Unidos,11337,04/07/16 14:25,2,119.9800034,98.37999725,West of USA ,PROCESSING,365,Perfect Fitness Perfect Rip Deck,59.99000168,04/09/16 14:25,Standard Class
TRANSFER,98.37999725,Advance shipping,Cleats,Corporate,OH,43055,Apparel,40.06034088,-82.40966034,Estados Unidos,5941,7/26/2016 7:15,2,119.9800034,98.37999725,West of USA ,PROCESSING,365,Perfect Fitness Perfect Rip Deck,59.99000168,7/28/2016 7:15,Standard Class
TRANSFER,99,Shipping on time,Women's Apparel,Corporate,NY,10469,Golf,40.87459183,-73.8528595,Estados Unidos,8556,05/09/16 14:22,2,100,99,East of USA,PROCESSING,502,Nike Men's Dri-FIT Victory Golf Polo,50,5/13/2016 14:22,Standard Class
TRANSFER,76.77999878,Late delivery,Shop By Sport,Corporate,GA,30066,Golf,34.03212357,-84.51288605,Estados Unidos,2871,04/05/16 23:31,2,79.98000336,76.77999878,West of USA ,PROCESSING,627,Under Armour Girls' Toddler Spine Surge Runni,39.99000168,04/11/16 23:31,Standard Class
TRANSFER,75.98000336,Advance shipping,Shop By Sport,Corporate,LA,70122,Golf,29.97639275,-90.06568146,Estados Unidos,11586,06/03/16 07:51,2,79.98000336,75.98000336,East of USA,PROCESSING,627,Under Armour Girls' Toddler Spine Surge Runni,39.99000168,06/06/16 07:51,Standard Class
TRANSFER,75.98000336,Late delivery,Shop By Sport,Corporate,NJ,8302,Golf,39.44585037,-75.22688294,Estados Unidos,4070,4/19/2016 20:00,2,79.98000336,75.98000336,East of USA,PROCESSING,627,Under Armour Girls' Toddler Spine Surge Runni,39.99000168,4/24/2016 20:00,Standard Class
TRANSFER,93,Shipping on time,Women's Apparel,Corporate,NY,14120,Golf,43.02910233,-78.87342072,Estados Unidos,6376,7/28/2016 1:59,2,100,93,US Center ,PROCESSING,502,Nike Men's Dri-FIT Victory Golf Polo,50,08/01/16 01:59,Standard Class
TRANSFER,127.4000015,Advance shipping,Girls' Apparel,Corporate,MA,2360,Golf,41.92156601,-70.79362488,Estados Unidos,10591,6/25/2016 17:17,2,140,127.4000015,South of  USA ,PROCESSING,565,adidas Youth Germany Black/Red Away Match Soc,70,6/27/2016 17:17,Standard Class
TRANSFER,91,Late delivery,Women's Apparel,Corporate,HI,96789,Golf,21.45325851,-158.0102234,Estados Unidos,242,08/04/16 04:16,2,100,91,US Center ,PROCESSING,502,Nike Men's Dri-FIT Victory Golf Polo,50,08/09/16 04:16,Standard Class
TRANSFER,88,Late delivery,Women's Apparel,Corporate,CA,95616,Golf,38.54666138,-121.7412109,Estados Unidos,7268,5/23/2016 11:33,2,100,88,South of  USA ,PROCESSING,502,Nike Men's Dri-FIT Victory Golf Polo,50,5/28/2016 11:33,Standard Class
TRANSFER,85,Late delivery,Women's Apparel,Corporate,AZ,85719,Golf,32.27982712,-110.9582291,Estados Unidos,3598,7/26/2016 13:33,2,100,85,East of USA,PROCESSING,502,Nike Men's Dri-FIT Victory Golf Polo,50,7/31/2016 13:33,Standard Class
TRANSFER,67.98000336,Advance shipping,Shop By Sport,Corporate,PA,17601,Golf,40.0741272,-76.35184479,Estados Unidos,1958,7/25/2016 17:14,2,79.98000336,67.98000336,South of  USA ,PROCESSING,627,Under Armour Girls' Toddler Spine Surge Runni,39.99000168,7/27/2016 17:14,Standard Class
TRANSFER,83,Advance shipping,Women's Apparel,Corporate,GA,30083,Golf,33.94672775,-83.99053192,Estados Unidos,9307,4/14/2016 7:34,2,100,83,East of USA,PROCESSING,502,Nike Men's Dri-FIT Victory Golf Polo,50,4/16/2016 7:34,Standard Class
TRANSFER,83,Late delivery,Women's Apparel,Corporate,NV,89030,Golf,36.19946671,-115.1088638,Estados Unidos,3995,06/03/16 14:09,2,100,83,South of  USA ,PROCESSING,502,Nike Men's Dri-FIT Victory Golf Polo,50,06/09/16 14:09,Standard Class
TRANSFER,82,Late delivery,Women's Apparel,Corporate,CA,92410,Golf,34.11592865,-117.2950821,Estados Unidos,3485,06/09/16 23:57,2,100,82,East of USA,PROCESSING,502,Nike Men's Dri-FIT Victory Golf Polo,50,6/14/2016 23:57,Standard Class
TRANSFER,82,Advance shipping,Women's Apparel,Corporate,KY,40601,Golf,38.11861801,-84.96742249,Estados Unidos,5732,5/30/2016 5:24,2,100,82,South of  USA ,PROCESSING,502,Nike Men's Dri-FIT Victory Golf Polo,50,06/01/16 05:24,Standard Class
TRANSFER,48.97999954,Advance shipping,Accessories,Corporate,CA,91786,Outdoors,34.10403824,-117.6700363,Estados Unidos,8100,7/27/2016 22:08,2,49.97999954,48.97999954,US Center ,PROCESSING,905,Team Golf Texas Longhorns Putter Grip,24.98999977,7/30/2016 22:08,Standard Class
TRANSFER,119.9800034,Shipping canceled,Cleats,Corporate,CA,91770,Apparel,33.98826981,-118.0931091,Estados Unidos,1475,4/20/2016 11:46,2,119.9800034,119.9800034,US Center ,SUSPECTED_FRAUD,365,Perfect Fitness Perfect Rip Deck,59.99000168,4/25/2016 11:46,Standard Class
TRANSFER,117.5800018,Shipping canceled,Cleats,Corporate,CA,90011,Apparel,34.07881928,-117.9346695,Estados Unidos,552,06/12/16 17:49,2,119.9800034,117.5800018,East of USA,SUSPECTED_FRAUD,365,Perfect Fitness Perfect Rip Deck,59.99000168,6/15/2016 17:49,Standard Class
TRANSFER,100.7799988,Shipping canceled,Cleats,Corporate,TX,76180,Apparel,32.84292221,-97.22615814,Canada,7113,12/14/2016 5:29,2,119.9800034,100.7799988,Canada,SUSPECTED_FRAUD,365,Perfect Fitness Perfect Rip Deck,59.99000168,12/20/2016 5:29,Standard Class
TRANSFER,89.98999786,Shipping canceled,Cleats,Corporate,MA,1844,Apparel,42.77627945,-71.15115356,Estados Unidos,10667,4/28/2016 11:24,2,119.9800034,89.98999786,West of USA ,SUSPECTED_FRAUD,365,Perfect Fitness Perfect Rip Deck,59.99000168,4/30/2016 11:24,Standard Class
TRANSFER,78.37999725,Shipping canceled,Shop By Sport,Corporate,CA,92025,Golf,34.3919754,-117.3726425,Estados Unidos,10643,08/12/16 21:46,2,79.98000336,78.37999725,East of USA,SUSPECTED_FRAUD,627,Under Armour Girls' Toddler Spine Surge Runni,39.99000168,8/15/2016 21:46,Standard Class
TRANSFER,72.77999878,Shipping canceled,Shop By Sport,Corporate,MI,48858,Golf,43.61513138,-84.60793304,Estados Unidos,2571,5/23/2016 4:32,2,79.98000336,72.77999878,South of  USA ,SUSPECTED_FRAUD,627,Under Armour Girls' Toddler Spine Surge Runni,39.99000168,5/28/2016 4:32,Standard Class
TRANSFER,90,Shipping canceled,Women's Apparel,Corporate,CA,92025,Golf,34.3919754,-117.3726425,Estados Unidos,10643,08/12/16 21:46,2,100,90,East of USA,SUSPECTED_FRAUD,502,Nike Men's Dri-FIT Victory Golf Polo,50,8/15/2016 21:46,Standard Class
TRANSFER,49.47999954,Shipping canceled,Accessories,Corporate,NY,14221,Outdoors,42.97251892,-78.69691467,Estados Unidos,8650,6/19/2016 12:02,2,49.97999954,49.47999954,West of USA ,SUSPECTED_FRAUD,905,Team Golf Texas Longhorns Putter Grip,24.98999977,6/25/2016 12:02,Standard Class
TRANSFER,30.21999931,Shipping canceled,Trade-In,Corporate,HI,96706,Outdoors,21.33713913,-158.0259857,Estados Unidos,5674,06/06/16 22:02,2,31.97999954,30.21999931,East of USA,SUSPECTED_FRAUD,926,Glove It Imperial Golf Towel,15.98999977,06/10/16 22:02,Standard Class
TRANSFER,37.18000031,Shipping canceled,Golf Balls,Corporate,CA,92025,Outdoors,34.3919754,-117.3726425,Estados Unidos,10643,08/12/16 21:46,2,39.97999954,37.18000031,East of USA,SUSPECTED_FRAUD,810,Glove It Women's Mod Oval Golf Glove,19.98999977,8/15/2016 21:46,Standard Class
TRANSFER,179.9700012,Shipping canceled,Cleats,Corporate,TX,75220,Apparel,32.86539459,-96.86858368,Camerún,4429,12/15/2016 22:49,3,179.9700012,179.9700012,Central Africa,CANCELED,365,Perfect Fitness Perfect Rip Deck,59.99000168,12/19/2016 22:49,Standard Class
TRANSFER,163.7700043,Shipping canceled,Cleats,Corporate,OR,97303,Apparel,45.01759338,-123.0200729,Somalia,8037,12/30/2016 21:34,3,179.9700012,163.7700043,East Africa,CANCELED,365,Perfect Fitness Perfect Rip Deck,59.99000168,01/02/17 21:34,Standard Class
TRANSFER,161.9700012,Shipping canceled,Cleats,Corporate,OR,97303,Apparel,45.01759338,-123.0200729,Somalia,8037,12/30/2016 21:34,3,179.9700012,161.9700012,East Africa,CANCELED,365,Perfect Fitness Perfect Rip Deck,59.99000168,01/02/17 21:34,Standard Class
TRANSFER,139.5,Shipping canceled,Women's Apparel,Corporate,CA,91733,Golf,34.0500412,-118.0595932,Nigeria,9352,11/20/2016 2:42,3,150,139.5,West Africa,CANCELED,502,Nike Men's Dri-FIT Victory Golf Polo,50,11/24/2016 2:42,Standard Class
TRANSFER,251.9700012,Late delivery,Cardio Equipment,Corporate,CA,92115,Footwear,32.77627945,-117.1342163,SudAfrica,10081,9/29/2016 17:51,3,299.9700012,251.9700012,Southern Africa,PENDING,191,Nike Men's Free 5.0+ Running Shoe,99.98999786,10/04/16 17:51,Standard Class
TRANSFER,248.9799957,Advance shipping,Cardio Equipment,Corporate,TX,77479,Footwear,26.23747635,-98.09152985,Egipto,9432,9/29/2016 15:02,3,299.9700012,248.9799957,North Africa,PENDING,191,Nike Men's Free 5.0+ Running Shoe,99.98999786,10/01/16 15:02,Standard Class
TRANSFER,179.9700012,Late delivery,Cleats,Corporate,NM,88201,Apparel,33.44919205,-104.5260162,Zimbabue,695,10/17/2016 8:22,3,179.9700012,179.9700012,East Africa,PENDING,365,Perfect Fitness Perfect Rip Deck,59.99000168,10/23/2016 8:22,Standard Class
TRANSFER,179.9700012,Late delivery,Cleats,Corporate,IL,60426,Apparel,41.6237793,-87.6486969,Nigeria,9511,01/05/17 04:45,3,179.9700012,179.9700012,West Africa,PENDING,365,Perfect Fitness Perfect Rip Deck,59.99000168,01/11/17 04:45,Standard Class
TRANSFER,156.5700073,Shipping on time,Cleats,Corporate,NY,14094,Apparel,43.16891098,-78.69216156,Zimbabue,2035,10/02/16 22:34,3,179.9700012,156.5700073,East Africa,PENDING,365,Perfect Fitness Perfect Rip Deck,59.99000168,10/06/16 22:34,Standard Class
TRANSFER,72.75,Advance shipping,Girls' Apparel,Corporate,UT,84604,Golf,40.3957901,-111.5488815,Marruecos,6492,01/06/17 05:58,3,75,72.75,North Africa,PENDING,567,adidas Men's Germany Black Crest Away Tee,25,01/09/17 05:58,Standard Class
TRANSFER,141.75,Advance shipping,Women's Apparel,Corporate,NY,11706,Golf,40.74021912,-73.30046845,República Democrática del Congo,9112,01/08/17 03:10,3,150,141.75,Central Africa,PENDING,502,Nike Men's Dri-FIT Victory Golf Polo,50,01/10/17 03:10,Standard Class
TRANSFER,127.5,Shipping on time,Women's Apparel,Corporate,PA,19104,Golf,39.95473099,-75.20536804,República Democrática del Congo,7532,11/23/2016 21:48,3,150,127.5,Central Africa,PENDING,502,Nike Men's Dri-FIT Victory Golf Polo,50,11/27/2016 21:48,Standard Class
TRANSFER,99.58000183,Late delivery,Shop By Sport,Corporate,CA,92115,Golf,32.77627945,-117.1342163,SudAfrica,10081,9/29/2016 17:51,3,119.9700012,99.58000183,Southern Africa,PENDING,627,Under Armour Girls' Toddler Spine Surge Runni,39.99000168,10/04/16 17:51,Standard Class
TRANSFER,260.9700012,Shipping on time,Cardio Equipment,Corporate,LA,70072,Footwear,29.90017891,-90.10057068,Argelia,6950,12/23/2016 23:30,3,299.9700012,260.9700012,North Africa,PROCESSING,191,Nike Men's Free 5.0+ Running Shoe,99.98999786,12/27/2016 23:30,Standard Class
TRANSFER,245.9799957,Late delivery,Cardio Equipment,Corporate,PA,19131,Footwear,39.9591713,-75.24291229,Benín,4830,10/11/16 04:52,3,299.9700012,245.9799957,West Africa,PROCESSING,191,Nike Men's Free 5.0+ Running Shoe,99.98999786,10/16/2016 4:52,Standard Class
TRANSFER,158.3699951,Advance shipping,Cleats,Corporate,CA,91790,Apparel,34.06787491,-117.9273758,SudAfrica,11797,09/02/16 15:15,3,179.9700012,158.3699951,Southern Africa,PROCESSING,365,Perfect Fitness Perfect Rip Deck,59.99000168,09/05/16 15:15,Standard Class
TRANSFER,156.5700073,Late delivery,Cleats,Corporate,CA,92054,Apparel,34.01664734,-117.7035217,Eritrea,6967,12/27/2016 10:32,3,179.9700012,156.5700073,East Africa,PROCESSING,365,Perfect Fitness Perfect Rip Deck,59.99000168,01/02/17 10:32,Standard Class
TRANSFER,152.9700012,Late delivery,Cleats,Corporate,CA,92630,Apparel,38.55315399,-121.395546,República Democrática del Congo,2891,9/18/2016 0:10,3,179.9700012,152.9700012,Central Africa,PROCESSING,365,Perfect Fitness Perfect Rip Deck,59.99000168,9/24/2016 0:10,Standard Class
TRANSFER,152.9700012,Late delivery,Cleats,Corporate,CO,80013,Apparel,39.49591446,-98.98998261,República Democrática del Congo,9345,01/08/17 22:05,3,179.9700012,152.9700012,Central Africa,PROCESSING,365,Perfect Fitness Perfect Rip Deck,59.99000168,1/14/2017 22:05,Standard Class
TRANSFER,151.1699982,Late delivery,Cleats,Corporate,CO,80013,Apparel,39.49591446,-98.98998261,República Democrática del Congo,9345,01/08/17 22:05,3,179.9700012,151.1699982,Central Africa,PROCESSING,365,Perfect Fitness Perfect Rip Deck,59.99000168,1/14/2017 22:05,Standard Class
TRANSFER,147.5800018,Advance shipping,Cleats,Corporate,NY,10023,Apparel,40.77587891,-73.98165894,República Democrática del Congo,3306,11/11/16 18:19,3,179.9700012,147.5800018,Central Africa,PROCESSING,365,Perfect Fitness Perfect Rip Deck,59.99000168,11/13/2016 18:19,Standard Class
TRANSFER,144,Shipping on time,Women's Apparel,Corporate,PA,19380,Golf,39.96376801,-75.60626221,Sudán,6670,9/23/2016 14:21,3,150,144,North Africa,PROCESSING,502,Nike Men's Dri-FIT Victory Golf Polo,50,9/27/2016 14:21,Standard Class
TRANSFER,113.3700027,Shipping on time,Shop By Sport,Corporate,CA,90024,Golf,34.03483582,-118.260025,Marruecos,9723,12/04/16 17:03,3,119.9700012,113.3700027,North Africa,PROCESSING,627,Under Armour Girls' Toddler Spine Surge Runni,39.99000168,12/08/16 17:03,Standard Class
TRANSFER,139.5,Advance shipping,Women's Apparel,Corporate,NY,10460,Golf,40.84042358,-73.87844849,Burkina Faso,1662,9/21/2016 23:28,3,150,139.5,West Africa,PROCESSING,502,Nike Men's Dri-FIT Victory Golf Polo,50,9/24/2016 23:28,Standard Class
TRANSFER,126,Shipping on time,Women's Apparel,Corporate,NY,10128,Golf,40.78022003,-73.95043945,Zimbabue,2709,12/01/16 22:29,3,150,126,East Africa,PROCESSING,502,Nike Men's Dri-FIT Victory Golf Polo,50,12/05/16 22:29,Standard Class
TRANSFER,99.58000183,Late delivery,Shop By Sport,Corporate,CA,92346,Golf,34.12934113,-117.1800232,República Democrática del Congo,12101,11/15/2016 4:17,3,119.9700012,99.58000183,Central Africa,PROCESSING,627,Under Armour Girls' Toddler Spine Surge Runni,39.99000168,11/21/2016 4:17,Standard Class
TRANSFER,124.5,Advance shipping,Women's Apparel,Corporate,NY,11220,Golf,40.6416893,-74.01692963,Marruecos,8078,10/27/2016 19:12,3,150,124.5,North Africa,PROCESSING,502,Nike Men's Dri-FIT Victory Golf Polo,50,10/29/2016 19:12,Standard Class
TRANSFER,61.34999847,Late delivery,Trade-In,Corporate,CA,92630,Outdoors,38.55315399,-121.395546,República Democrática del Congo,2891,9/18/2016 0:10,3,65.97000122,61.34999847,Central Africa,PROCESSING,917,Glove It Women's Mod Oval 3-Zip Carry All Gol,21.98999977,9/24/2016 0:10,Standard Class
TRANSFER,254.9700012,Shipping canceled,Cardio Equipment,Corporate,IN,46227,Footwear,39.64605331,-86.11961365,Marruecos,2540,1/18/2017 2:06,3,299.9700012,254.9700012,North Africa,SUSPECTED_FRAUD,191,Nike Men's Free 5.0+ Running Shoe,99.98999786,1/22/2017 2:06,Standard Class
TRANSFER,172.7700043,Shipping canceled,Cleats,Corporate,NY,11757,Apparel,40.68665695,-73.37553406,Senegal,4329,12/04/16 01:17,3,179.9700012,172.7700043,West Africa,SUSPECTED_FRAUD,365,Perfect Fitness Perfect Rip Deck,59.99000168,12/08/16 01:17,Standard Class
TRANSFER,170.9700012,Shipping canceled,Cleats,Corporate,CA,90037,Apparel,34.05233765,-118.2418137,Egipto,8841,8/29/2016 19:07,3,179.9700012,170.9700012,North Africa,SUSPECTED_FRAUD,365,Perfect Fitness Perfect Rip Deck,59.99000168,09/03/16 19:07,Standard Class
TRANSFER,278.9700012,Shipping canceled,Cardio Equipment,Corporate,CT,6902,Footwear,41.02079773,-73.52445984,Alemania,11822,06/09/15 15:01,3,299.9700012,278.9700012,Western Europe,CANCELED,191,Nike Men's Free 5.0+ Running Shoe,99.98999786,06/11/15 15:01,Standard Class
TRANSFER,172.7700043,Shipping canceled,Cleats,Corporate,CA,92404,Apparel,34.07757568,-117.2078857,Francia,2386,10/20/2015 13:15,3,179.9700012,172.7700043,Western Europe,CANCELED,365,Perfect Fitness Perfect Rip Deck,59.99000168,10/23/2015 13:15,Standard Class
TRANSFER,161.9700012,Shipping canceled,Cleats,Corporate,CO,80015,Apparel,39.74221039,-104.8376007,Alemania,2228,9/23/2015 22:34,3,179.9700012,161.9700012,Western Europe,CANCELED,365,Perfect Fitness Perfect Rip Deck,59.99000168,9/28/2015 22:34,Standard Class
TRANSFER,86.40000153,Shipping canceled,Shop By Sport,Corporate,NC,27834,Golf,35.80388641,-77.47067261,Reino Unido,4911,9/26/2015 16:05,3,90,86.40000153,Northern Europe,CANCELED,642,Columbia Men's PFG Anchor Tough T-Shirt,30,9/28/2015 16:05,Standard Class
TRANSFER,136.5,Shipping canceled,Women's Apparel,Corporate,NC,27834,Golf,35.80388641,-77.47067261,Reino Unido,4911,9/26/2015 16:05,3,150,136.5,Northern Europe,CANCELED,502,Nike Men's Dri-FIT Victory Golf Polo,50,9/28/2015 16:05,Standard Class
TRANSFER,136.5,Shipping canceled,Women's Apparel,Corporate,NY,10033,Golf,40.6679306,-73.94806671,Italia,5214,9/26/2017 10:41,3,150,136.5,Southern Europe,CANCELED,502,Nike Men's Dri-FIT Victory Golf Polo,50,9/29/2017 10:41,Standard Class
TRANSFER,124.5,Shipping canceled,Women's Apparel,Corporate,TX,79927,Golf,31.65174103,-106.2676239,Bulgaria,9626,10/16/2016 9:35,3,150,124.5,Eastern Europe,CANCELED,502,Nike Men's Dri-FIT Victory Golf Polo,50,10/22/2016 9:35,Standard Class
TRANSFER,299.9700012,Advance shipping,Cardio Equipment,Corporate,PA,19380,Footwear,39.96376801,-75.60626221,Alemania,2504,9/27/2015 20:07,3,299.9700012,299.9700012,Western Europe,PENDING,191,Nike Men's Free 5.0+ Running Shoe,99.98999786,9/29/2015 20:07,Standard Class
TRANSFER,293.9700012,Advance shipping,Cardio Equipment,Corporate,FL,32792,Footwear,28.60344505,-81.31519318,Alemania,6741,6/25/2015 4:08,3,299.9700012,293.9700012,Western Europe,PENDING,191,Nike Men's Free 5.0+ Running Shoe,99.98999786,6/27/2015 4:08,Standard Class
TRANSFER,101.8199997,Shipping on time,Fitness Accessories,Corporate,LA,70117,Footwear,30.00569725,-90.06809235,Francia,8508,9/24/2015 12:14,3,104.9700012,101.8199997,Western Europe,PENDING,235,Under Armour Hustle Storm Medium Duffle Bag,34.99000168,9/28/2015 12:14,Standard Class
TRANSFER,283.4700012,Advance shipping,Cardio Equipment,Corporate,NY,11377,Footwear,40.67355728,-73.60962677,Francia,8652,6/22/2017 14:40,3,299.9700012,283.4700012,Western Europe,PENDING,191,Nike Men's Free 5.0+ Running Shoe,99.98999786,6/25/2017 14:40,Standard Class
TRANSFER,97.62000275,Shipping on time,Fitness Accessories,Corporate,CA,95051,Footwear,37.34420395,-121.9884415,Alemania,7401,8/27/2015 2:49,3,104.9700012,97.62000275,Western Europe,PENDING,235,Under Armour Hustle Storm Medium Duffle Bag,34.99000168,8/31/2015 2:49,Standard Class
TRANSFER,263.9700012,Late delivery,Cardio Equipment,Corporate,CA,94536,Footwear,37.55712128,-121.9916382,España,5698,06/09/15 02:03,3,299.9700012,263.9700012,Southern Europe,PENDING,191,Nike Men's Free 5.0+ Running Shoe,99.98999786,6/14/2015 2:03,Standard Class
TRANSFER,263.9700012,Advance shipping,Cardio Equipment,Corporate,OH,44035,Footwear,41.42148209,-82.09407044,Francia,4328,09/11/15 13:50,3,299.9700012,263.9700012,Western Europe,PENDING,191,Nike Men's Free 5.0+ Running Shoe,99.98999786,9/14/2015 13:50,Standard Class
TRANSFER,176.3699951,Advance shipping,Cleats,Corporate,GA,30093,Apparel,33.89028168,-84.19355774,Italia,12341,09/01/15 05:05,3,179.9700012,176.3699951,Southern Europe,PENDING,365,Perfect Fitness Perfect Rip Deck,59.99000168,09/04/15 05:05,Standard Class
TRANSFER,176.3699951,Advance shipping,Cleats,Corporate,CA,95035,Apparel,37.43395615,-121.8810654,Alemania,8507,7/31/2015 5:50,3,179.9700012,176.3699951,Western Europe,PENDING,365,Perfect Fitness Perfect Rip Deck,59.99000168,08/03/15 05:50,Standard Class
TRANSFER,174.5700073,Late delivery,Cleats,Corporate,TX,78664,Apparel,30.47071457,-97.64977264,Alemania,7882,10/01/15 09:15,3,179.9700012,174.5700073,Western Europe,PENDING,365,Perfect Fitness Perfect Rip Deck,59.99000168,10/06/15 09:15,Standard Class
TRANSFER,170.9700012,Advance shipping,Cleats,Corporate,CA,93306,Apparel,35.38673019,-118.8938522,Austria,8281,6/19/2015 6:35,3,179.9700012,170.9700012,Western Europe,PENDING,365,Perfect Fitness Perfect Rip Deck,59.99000168,6/22/2015 6:35,Standard Class
TRANSFER,167.3699951,Shipping on time,Cleats,Corporate,CA,95124,Apparel,37.26665497,-121.9148026,Rumania,10930,11/19/2016 7:26,3,179.9700012,167.3699951,Eastern Europe,PENDING,365,Perfect Fitness Perfect Rip Deck,59.99000168,11/23/2016 7:26,Standard Class
TRANSFER,167.3699951,Late delivery,Cleats,Corporate,CA,93722,Apparel,34.22850037,-119.185585,Reino Unido,603,8/17/2017 18:48,3,179.9700012,167.3699951,Northern Europe,PENDING,365,Perfect Fitness Perfect Rip Deck,59.99000168,8/23/2017 18:48,Standard Class
TRANSFER,167.3699951,Late delivery,Cleats,Corporate,NJ,7047,Apparel,40.79859161,-74.00170898,Países Bajos,3884,08/07/15 22:49,3,179.9700012,167.3699951,Western Europe,PENDING,365,Perfect Fitness Perfect Rip Deck,59.99000168,8/13/2015 22:49,Standard Class
TRANSFER,167.3699951,Advance shipping,Cleats,Corporate,OR,97470,Apparel,43.20556259,-123.3465195,Francia,4708,6/18/2015 18:20,3,179.9700012,167.3699951,Western Europe,PENDING,365,Perfect Fitness Perfect Rip Deck,59.99000168,6/21/2015 18:20,Standard Class
TRANSFER,167.3699951,Shipping on time,Cleats,Corporate,PA,17402,Apparel,39.9602356,-76.67675781,Francia,11419,10/11/15 12:23,3,179.9700012,167.3699951,Western Europe,PENDING,365,Perfect Fitness Perfect Rip Deck,59.99000168,10/15/2015 12:23,Standard Class
TRANSFER,167.3699951,Late delivery,Cleats,Corporate,PA,17055,Apparel,40.21145248,-77.0072937,Alemania,4668,8/31/2015 7:22,3,179.9700012,167.3699951,Western Europe,PENDING,365,Perfect Fitness Perfect Rip Deck,59.99000168,09/06/15 07:22,Standard Class
TRANSFER,163.7700043,Advance shipping,Cleats,Corporate,OH,43701,Apparel,39.91952896,-82.00141907,Italia,6740,6/28/2017 19:13,3,179.9700012,163.7700043,Southern Europe,PENDING,365,Perfect Fitness Perfect Rip Deck,59.99000168,6/30/2017 19:13,Standard Class
TRANSFER,161.9700012,Late delivery,Cleats,Corporate,IL,60504,Apparel,41.72254562,-88.27864075,Dinamarca,3262,6/28/2017 15:01,3,179.9700012,161.9700012,Northern Europe,PENDING,365,Perfect Fitness Perfect Rip Deck,59.99000168,07/03/17 15:01,Standard Class
TRANSFER,161.9700012,Advance shipping,Cleats,Corporate,OH,44035,Apparel,41.42148209,-82.09407044,Francia,4328,09/11/15 13:50,3,179.9700012,161.9700012,Western Europe,PENDING,365,Perfect Fitness Perfect Rip Deck,59.99000168,9/14/2015 13:50,Standard Class
TRANSFER,158.3699951,Advance shipping,Cleats,Corporate,CA,92054,Apparel,33.1927948,-117.3563385,Alemania,9858,08/02/17 06:23,3,179.9700012,158.3699951,Western Europe,PENDING,365,Perfect Fitness Perfect Rip Deck,59.99000168,08/05/17 06:23,Standard Class
TRANSFER,156.5700073,Advance shipping,Cleats,Corporate,NY,11204,Apparel,40.67355347,-73.94458771,Alemania,10957,08/05/17 02:21,3,179.9700012,156.5700073,Western Europe,PENDING,365,Perfect Fitness Perfect Rip Deck,59.99000168,08/07/17 02:21,Standard Class
TRANSFER,152.9700012,Late delivery,Cleats,Corporate,NM,87105,Apparel,35.06517029,-106.6699524,Francia,10834,8/27/2015 21:02,3,179.9700012,152.9700012,Western Europe,PENDING,365,Perfect Fitness Perfect Rip Deck,59.99000168,09/02/15 21:02,Standard Class
TRANSFER,151.1699982,Shipping on time,Cleats,Corporate,CA,92102,Apparel,32.74446106,-117.1847839,España,11634,6/23/2017 22:33,3,179.9700012,151.1699982,Southern Europe,PENDING,365,Perfect Fitness Perfect Rip Deck,59.99000168,6/27/2017 22:33,Standard Class
TRANSFER,151.1699982,Shipping on time,Cleats,Corporate,AZ,85254,Apparel,29.40739441,-98.65895081,Alemania,505,6/17/2015 19:54,3,179.9700012,151.1699982,Western Europe,PENDING,365,Perfect Fitness Perfect Rip Deck,59.99000168,6/21/2015 19:54,Standard Class
TRANSFER,143.9799957,Advance shipping,Cleats,Corporate,OH,45044,Apparel,40.97532272,-80.56996918,Francia,8026,09/01/15 15:15,3,179.9700012,143.9799957,Western Europe,PENDING,365,Perfect Fitness Perfect Rip Deck,59.99000168,09/03/15 15:15,Standard Class
TRANSFER,134.9799957,Advance shipping,Cleats,Corporate,NC,27406,Apparel,36.05080414,-79.79826355,Francia,4991,6/30/2015 8:30,3,179.9700012,134.9799957,Western Europe,PENDING,365,Perfect Fitness Perfect Rip Deck,59.99000168,07/02/15 08:30,Standard Class
TRANSFER,119.9700012,Advance shipping,Shop By Sport,Corporate,MI,48823,Golf,42.75529099,-84.45345306,Austria,7830,8/20/2015 1:57,3,119.9700012,119.9700012,Western Europe,PENDING,627,Under Armour Girls' Toddler Spine Surge Runni,39.99000168,8/22/2015 1:57,Standard Class
TRANSFER,148.5,Advance shipping,Women's Apparel,Corporate,CA,93063,Golf,34.26791382,-118.6712112,Francia,12034,7/20/2015 1:28,3,150,148.5,Western Europe,PENDING,502,Nike Men's Dri-FIT Victory Golf Polo,50,7/22/2015 1:28,Standard Class
TRANSFER,147,Late delivery,Women's Apparel,Corporate,TX,77015,Golf,29.77217293,-95.18963623,Italia,619,9/23/2017 6:39,3,150,147,Southern Europe,PENDING,502,Nike Men's Dri-FIT Victory Golf Polo,50,9/29/2017 6:39,Standard Class
TRANSFER,117.5699997,Advance shipping,Shop By Sport,Corporate,PA,19380,Golf,39.96376801,-75.60626221,Alemania,2504,9/27/2015 20:07,3,119.9700012,117.5699997,Western Europe,PENDING,627,Under Armour Girls' Toddler Spine Surge Runni,39.99000168,9/29/2015 20:07,Standard Class
TRANSFER,144,Advance shipping,Women's Apparel,Corporate,CA,90024,Golf,34.06435013,-118.437088,Reino Unido,10137,7/24/2015 0:24,3,150,144,Northern Europe,PENDING,502,Nike Men's Dri-FIT Victory Golf Polo,50,7/27/2015 0:24,Standard Class
TRANSFER,115.1699982,Late delivery,Shop By Sport,Corporate,CA,94553,Golf,38.01199341,-122.1196899,Italia,5097,09/03/15 03:20,3,119.9700012,115.1699982,Southern Europe,PENDING,627,Under Armour Girls' Toddler Spine Surge Runni,39.99000168,09/08/15 03:20,Standard Class
TRANSFER,115.1699982,Advance shipping,Shop By Sport,Corporate,CA,91765,Golf,34.03541946,-117.8064346,Italia,8640,6/15/2015 15:00,3,119.9700012,115.1699982,Southern Europe,PENDING,627,Under Armour Girls' Toddler Spine Surge Runni,39.99000168,6/18/2015 15:00,Standard Class
TRANSFER,113.3700027,Late delivery,Girls' Apparel,Corporate,CO,80631,Golf,40.41231918,-104.6923523,Francia,4700,7/19/2015 12:30,3,119.9700012,113.3700027,Western Europe,PENDING,572,TYR Boys' Team Digi Jammer,39.99000168,7/24/2015 12:30,Standard Class
TRANSFER,141.75,Advance shipping,Women's Apparel,Corporate,CA,94122,Golf,37.7617569,-122.4713516,Francia,9636,7/17/2015 19:10,3,150,141.75,Western Europe,PENDING,502,Nike Men's Dri-FIT Victory Golf Polo,50,7/19/2015 19:10,Standard Class
TRANSFER,132,Advance shipping,Women's Apparel,Corporate,CA,91765,Golf,34.03541946,-117.8064346,Italia,8640,6/15/2015 15:00,3,150,132,Southern Europe,PENDING,502,Nike Men's Dri-FIT Victory Golf Polo,50,6/18/2015 15:00,Standard Class
TRANSFER,105.5699997,Shipping on time,Shop By Sport,Corporate,IL,62301,Golf,39.93153,-91.4054718,Francia,9573,09/01/17 15:27,3,119.9700012,105.5699997,Western Europe,PENDING,627,Under Armour Girls' Toddler Spine Surge Runni,39.99000168,09/05/17 15:27,Standard Class
TRANSFER,132,Advance shipping,Women's Apparel,Corporate,IN,46226,Golf,39.83699036,-86.01907349,Alemania,4316,08/12/15 15:37,3,150,132,Western Europe,PENDING,502,Nike Men's Dri-FIT Victory Golf Polo,50,8/15/2015 15:37,Standard Class
TRANSFER,130.5,Late delivery,Women's Apparel,Corporate,MI,48187,Golf,38.61802673,-121.3454514,Bielorrusia,791,10/01/16 06:38,3,150,130.5,Eastern Europe,PENDING,502,Nike Men's Dri-FIT Victory Golf Polo,50,10/06/16 06:38,Standard Class
TRANSFER,130.5,Late delivery,Women's Apparel,Corporate,CA,92410,Golf,34.11592865,-117.2950821,Austria,2772,7/22/2015 5:19,3,150,130.5,Western Europe,PENDING,502,Nike Men's Dri-FIT Victory Golf Polo,50,7/27/2015 5:19,Standard Class
TRANSFER,101.9700012,Advance shipping,Girls' Apparel,Corporate,CA,92627,Golf,33.63584137,-117.9041443,Alemania,2385,8/13/2015 17:33,3,119.9700012,101.9700012,Western Europe,PENDING,572,TYR Boys' Team Digi Jammer,39.99000168,8/15/2015 17:33,Standard Class
TRANSFER,126,Advance shipping,Women's Apparel,Corporate,OH,45044,Golf,40.97532272,-80.56996918,Francia,8026,09/01/15 15:15,3,150,126,Western Europe,PENDING,502,Nike Men's Dri-FIT Victory Golf Polo,50,09/03/15 15:15,Standard Class
TRANSFER,124.5,Advance shipping,Women's Apparel,Corporate,OH,44077,Golf,41.72412872,-81.24591065,Ucrania,1891,09/07/16 14:01,3,150,124.5,Eastern Europe,PENDING,502,Nike Men's Dri-FIT Victory Golf Polo,50,09/09/16 14:01,Standard Class
CASH,245.8099976,Advance shipping,Sporting Goods,Corporate,CA,91977,Fitness,32.74972153,-117.0022583,Australia,16649,12/03/17 00:26,1,327.75,245.8099976,Oceania,CLOSED,1360,Smart watch ,327.75,12/05/17 00:26,Standard Class
PAYMENT,327.75,Late delivery,Sporting Goods,Consumer,CA,93722,Fitness,36.78120422,-119.7815475,Filipinas,16648,12/03/17 00:05,1,327.75,327.75,Southeast Asia,PENDING_PAYMENT,1360,Smart watch ,327.75,12/09/17 00:05,Standard Class
DEBIT,321.2000122,Shipping on time,Sporting Goods,Consumer,AZ,85029,Fitness,33.58987427,-112.1163712,China,16646,12/02/17 23:23,1,327.75,321.2000122,Eastern Asia,COMPLETE,1360,Smart watch ,327.75,12/06/17 23:23,Standard Class
PAYMENT,314.6400146,Advance shipping,Sporting Goods,Consumer,GA,30331,Fitness,33.63964081,-84.45851135,Filipinas,16644,12/02/17 22:40,1,327.75,314.6400146,Southeast Asia,PENDING_PAYMENT,1360,Smart watch ,327.75,12/04/17 22:40,Standard Class
DEBIT,309.7200012,Late delivery,Sporting Goods,Corporate,OH,44136,Fitness,41.3469696,-81.82631683,Australia,16642,12/02/17 21:58,1,327.75,309.7200012,Oceania,COMPLETE,1360,Smart watch ,327.75,12/07/17 21:58,Second Class
TRANSFER,304.8099976,Late delivery,Sporting Goods,Consumer,NY,11218,Fitness,40.64059448,-73.97518921,China,16641,12/02/17 21:37,1,327.75,304.8099976,Eastern Asia,PROCESSING,1360,Smart watch ,327.75,12/06/17 21:37,Second Class
PAYMENT,294.980011,Advance shipping,Sporting Goods,Home Office,OR,97229,Fitness,45.54113007,-122.7773743,China,16639,12/02/17 20:55,1,327.75,294.980011,Eastern Asia,PENDING_PAYMENT,1360,Smart watch ,327.75,12/04/17 20:55,Standard Class
DEBIT,288.4200134,Late delivery,Sporting Goods,Home Office,MD,21228,Fitness,39.27961731,-76.71038055,Pakistán,16638,12/02/17 20:34,1,327.75,288.4200134,South Asia,COMPLETE,1360,Smart watch ,327.75,12/08/17 20:34,Standard Class
CASH,278.5899963,Shipping on time,Sporting Goods,Corporate,OR,97405,Fitness,44.0263443,-123.0935287,Australia,16636,12/02/17 19:52,1,327.75,278.5899963,Oceania,CLOSED,1360,Smart watch ,327.75,12/06/17 19:52,Standard Class
DEBIT,275.3099976,Late delivery,Sporting Goods,Home Office,CA,94544,Fitness,37.67551041,-122.0496826,Australia,16635,12/02/17 19:31,1,327.75,275.3099976,Oceania,COMPLETE,1360,Smart watch ,327.75,12/05/17 19:31,Second Class
PAYMENT,272.0299988,Late delivery,Sporting Goods,Home Office,CA,90011,Fitness,34.00455093,-118.2600937,China,16634,12/02/17 19:10,1,327.75,272.0299988,Eastern Asia,PENDING_PAYMENT,1360,Smart watch ,327.75,12/04/17 19:10,First Class
DEBIT,262.2000122,Late delivery,Sporting Goods,Home Office,WA,98037,Fitness,47.84322357,-122.2460785,Filipinas,16632,12/02/17 18:28,1,327.75,262.2000122,Southeast Asia,ON_HOLD,1360,Smart watch ,327.75,12/04/17 18:28,First Class
CASH,245.8099976,Late delivery,Sporting Goods,Consumer,TX,75243,Fitness,32.9131012,-96.73959351,Filipinas,16631,12/02/17 18:07,1,327.75,245.8099976,Southeast Asia,CLOSED,1360,Smart watch ,327.75,12/06/17 18:07,Second Class
PAYMENT,83.59999847,Late delivery,Hockey,Consumer,CA,90706,Fitness,34.16016388,-118.3745346,El Salvador,9037,4/17/2017 14:25,4,88,83.59999847,Central America,PENDING_PAYMENT,135,Nike Dri-FIT Crew Sock 6 Pack,22,4/19/2017 14:25,First Class
DEBIT,21.12000084,Shipping on time,Hockey,Consumer,IN,46227,Fitness,39.64605331,-86.11961365,Honduras,5783,4/17/2017 4:57,1,22,21.12000084,Central America,COMPLETE,135,Nike Dri-FIT Crew Sock 6 Pack,22,4/17/2017 16:57,Same Day
DEBIT,43.11999893,Late delivery,Hockey,Corporate,TX,79109,Fitness,35.18754196,-101.8676224,Argentina,9532,3/31/2017 20:55,2,44,43.11999893,South America,ON_HOLD,135,Nike Dri-FIT Crew Sock 6 Pack,22,04/05/17 20:55,Second Class
DEBIT,110,Late delivery,Hockey,Consumer,OH,44646,Fitness,40.75095749,-81.51673126,República Dominicana,7279,3/31/2017 6:54,5,110,110,Caribbean,COMPLETE,135,Nike Dri-FIT Crew Sock 6 Pack,22,04/05/17 06:54,Standard Class
TRANSFER,59.40000153,Shipping canceled,Hockey,Consumer,FL,33021,Fitness,26.01193237,-80.14998627,Cuba,8549,03/12/17 20:04,3,66,59.40000153,Caribbean,SUSPECTED_FRAUD,135,Nike Dri-FIT Crew Sock 6 Pack,22,3/18/2017 20:04,Standard Class
TRANSFER,58.08000183,Shipping on time,Hockey,Home Office,CO,80501,Fitness,40.1901207,-105.1010666,Colombia,1921,03/09/17 23:03,3,66,58.08000183,South America,PENDING,135,Nike Dri-FIT Crew Sock 6 Pack,22,3/13/2017 23:03,Standard Class
DEBIT,42.68000031,Advance shipping,Hockey,Corporate,CA,94587,Fitness,37.58462524,-122.0175552,El Salvador,3649,2/22/2017 12:44,2,44,42.68000031,Central America,COMPLETE,135,Nike Dri-FIT Crew Sock 6 Pack,22,2/24/2017 12:44,Standard Class
TRANSFER,20.45999908,Shipping canceled,Hockey,Corporate,CA,92553,Fitness,33.92580414,-117.2299881,Honduras,2137,2/18/2017 22:33,1,22,20.45999908,Central America,CANCELED,135,Nike Dri-FIT Crew Sock 6 Pack,22,2/24/2017 22:33,Standard Class
DEBIT,41.58000183,Late delivery,Hockey,Corporate,CA,91801,Fitness,34.11355972,-118.115448,Nicaragua,5186,2/16/2017 9:14,2,44,41.58000183,Central America,COMPLETE,135,Nike Dri-FIT Crew Sock 6 Pack,22,2/18/2017 9:14,First Class
TRANSFER,55.43999863,Advance shipping,Hockey,Consumer,NY,11209,Fitness,40.61923981,-74.03337097,Brasil,7762,2/15/2017 9:04,3,66,55.43999863,South America,PROCESSING,135,Nike Dri-FIT Crew Sock 6 Pack,22,2/17/2017 9:04,Standard Class
PAYMENT,40.91999817,Late delivery,Hockey,Corporate,MI,48205,Fitness,42.42877197,-82.98252869,México,7163,02/10/17 02:14,2,44,40.91999817,Central America,PENDING_PAYMENT,135,Nike Dri-FIT Crew Sock 6 Pack,22,02/12/17 02:14,First Class
DEBIT,103.9499969,Late delivery,Hockey,Consumer,IL,60644,Fitness,41.89505005,-87.77068329,Argentina,7103,1/30/2017 7:20,5,110,103.9499969,South America,ON_HOLD,135,Nike Dri-FIT Crew Sock 6 Pack,22,02/05/17 07:20,Standard Class
DEBIT,19.79999924,Shipping on time,Hockey,Consumer,NY,11203,Fitness,40.65559006,-73.9330368,Guatemala,2133,1/27/2017 13:49,1,22,19.79999924,Central America,ON_HOLD,135,Nike Dri-FIT Crew Sock 6 Pack,22,1/31/2017 13:49,Standard Class
PAYMENT,81.83999634,Late delivery,Hockey,Consumer,CA,94587,Fitness,37.58462524,-122.0175552,Costa de Marfil,6248,1/18/2017 4:33,4,88,81.83999634,West Africa,PENDING_PAYMENT,135,Nike Dri-FIT Crew Sock 6 Pack,22,1/24/2017 4:33,Standard Class
DEBIT,19.13999939,Late delivery,Hockey,Corporate,IL,60610,Fitness,41.89617157,-87.66995239,Togo,7832,01/11/17 17:42,1,22,19.13999939,West Africa,COMPLETE,135,Nike Dri-FIT Crew Sock 6 Pack,22,1/15/2017 17:42,Second Class
PAYMENT,102.3000031,Advance shipping,Hockey,Home Office,IL,60014,Fitness,42.24145126,-88.27947235,Benín,1944,01/08/17 17:32,5,110,102.3000031,West Africa,PENDING_PAYMENT,135,Nike Dri-FIT Crew Sock 6 Pack,22,01/11/17 17:32,Standard Class
TRANSFER,54.11999893,Shipping canceled,Hockey,Home Office,AZ,85308,Fitness,33.66019821,-112.1931229,Turquía,5976,12/31/2016 5:59,3,66,54.11999893,West Asia,CANCELED,135,Nike Dri-FIT Crew Sock 6 Pack,22,01/02/17 05:59,Standard Class
PAYMENT,39.59999847,Late delivery,Hockey,Corporate,TX,77093,Fitness,29.78513908,-95.37239838,Irak,12146,12/28/2016 5:48,2,44,39.59999847,West Asia,PENDING_PAYMENT,135,Nike Dri-FIT Crew Sock 6 Pack,22,12/30/2016 5:48,First Class
TRANSFER,80.08000183,Shipping on time,Hockey,Corporate,CA,92833,Fitness,33.86329651,-117.9716263,Irak,10087,12/24/2016 11:04,4,88,80.08000183,West Asia,PROCESSING,135,Nike Dri-FIT Crew Sock 6 Pack,22,12/24/2016 23:04,Same Day
DEBIT,79.19999695,Late delivery,Hockey,Consumer,FL,33324,Fitness,26.0984993,-80.27095032,Nigeria,1788,12/22/2016 7:13,4,88,79.19999695,West Africa,COMPLETE,135,Nike Dri-FIT Crew Sock 6 Pack,22,12/24/2016 7:13,First Class
DEBIT,100.0999985,Advance shipping,Hockey,Consumer,NY,11374,Fitness,40.73192978,-73.8688736,Egipto,8480,12/20/2016 16:20,5,110,100.0999985,North Africa,COMPLETE,135,Nike Dri-FIT Crew Sock 6 Pack,22,12/23/2016 16:20,Standard Class
DEBIT,38.27999878,Advance shipping,Hockey,Consumer,PA,17013,Fitness,40.08877564,-75.2024765,Turquía,12045,12/18/2016 6:10,2,44,38.27999878,West Asia,COMPLETE,135,Nike Dri-FIT Crew Sock 6 Pack,22,12/20/2016 6:10,Standard Class
PAYMENT,37.40000153,Late delivery,Hockey,Consumer,NM,87120,Fitness,35.12392044,-106.723587,Angola,7465,12/17/2016 22:07,2,44,37.40000153,Central Africa,PENDING_PAYMENT,135,Nike Dri-FIT Crew Sock 6 Pack,22,12/21/2016 22:07,Second Class
TRANSFER,77.44000244,Late delivery,Hockey,Consumer,PA,19111,Fitness,40.05984879,-75.08175659,Uganda,10173,12/17/2016 20:43,4,88,77.44000244,East Africa,PENDING,135,Nike Dri-FIT Crew Sock 6 Pack,22,12/22/2016 20:43,Standard Class
DEBIT,18.70000076,Advance shipping,Hockey,Corporate,TX,78586,Fitness,26.140728,-97.66805267,Rusia,2292,12/17/2016 10:54,1,22,18.70000076,Eastern Europe,COMPLETE,135,Nike Dri-FIT Crew Sock 6 Pack,22,12/19/2016 10:54,Standard Class
DEBIT,36.95999908,Shipping on time,Hockey,Home Office,TX,78040,Fitness,27.50744438,-99.48082733,Irak,2247,12/13/2016 0:45,2,44,36.95999908,West Asia,COMPLETE,135,Nike Dri-FIT Crew Sock 6 Pack,22,12/17/2016 0:45,Standard Class
TRANSFER,18.47999954,Advance shipping,Hockey,Corporate,MN,55112,Fitness,44.93980789,-93.13205719,Turquía,251,12/04/16 05:50,1,22,18.47999954,West Asia,PENDING,135,Nike Dri-FIT Crew Sock 6 Pack,22,12/06/16 05:50,Standard Class
PAYMENT,96.80000305,Late delivery,Hockey,Home Office,GA,31907,Fitness,32.59525681,-84.90901184,Tanzania,3754,12/02/16 02:20,5,110,96.80000305,East Africa,PENDING_PAYMENT,135,Nike Dri-FIT Crew Sock 6 Pack,22,12/07/16 02:20,Second Class
TRANSFER,52.79999924,Advance shipping,Hockey,Consumer,TN,38109,Fitness,35.0965271,-90.06786346,República Democrática del Congo,7810,11/30/2016 11:06,3,66,52.79999924,Central Africa,PROCESSING,135,Nike Dri-FIT Crew Sock 6 Pack,22,12/03/16 11:06,Standard Class
PAYMENT,95.69999695,Late delivery,Hockey,Corporate,UT,84604,Fitness,40.3957901,-111.5488815,República Democrática del Congo,6370,11/21/2016 21:27,5,110,95.69999695,Central Africa,PENDING_PAYMENT,135,Nike Dri-FIT Crew Sock 6 Pack,22,11/27/2016 21:27,Standard Class
DEBIT,93.5,Late delivery,Hockey,Consumer,HI,96789,Fitness,21.4479599,-158.016037,Polonia,3438,11/14/2016 17:05,5,110,93.5,Eastern Europe,COMPLETE,135,Nike Dri-FIT Crew Sock 6 Pack,22,11/18/2016 17:05,Second Class
TRANSFER,76.55999756,Late delivery,Hockey,Consumer,IL,60148,Fitness,41.84544373,-88.0118866,República Democrática del Congo,12355,11/12/16 12:11,4,88,76.55999756,Central Africa,PROCESSING,135,Nike Dri-FIT Crew Sock 6 Pack,22,11/15/2016 12:11,Second Class
TRANSFER,49.5,Shipping on time,Hockey,Home Office,IL,60626,Fitness,42.0063591,-87.66739655,Nigeria,9727,11/08/16 22:42,3,66,49.5,West Africa,PROCESSING,135,Nike Dri-FIT Crew Sock 6 Pack,22,11/12/16 22:42,Standard Class
PAYMENT,18.04000092,Advance shipping,Hockey,Home Office,HI,96797,Fitness,21.39037895,-158.0046234,Turquía,3469,11/08/16 11:29,1,22,18.04000092,West Asia,PENDING_PAYMENT,135,Nike Dri-FIT Crew Sock 6 Pack,22,11/10/16 11:29,Standard Class
DEBIT,92.40000153,Late delivery,Hockey,Consumer,NY,11238,Fitness,40.67771912,-73.96311951,Rusia,3964,11/06/16 22:21,5,110,92.40000153,Eastern Europe,COMPLETE,135,Nike Dri-FIT Crew Sock 6 Pack,22,11/12/16 22:21,Standard Class
PAYMENT,17.60000038,Advance shipping,Hockey,Corporate,CA,93030,Fitness,34.19039154,-119.177803,Ghana,1169,11/06/16 17:47,1,22,17.60000038,West Africa,PENDING_PAYMENT,135,Nike Dri-FIT Crew Sock 6 Pack,22,11/09/16 17:47,Standard Class
DEBIT,16.5,Late delivery,Hockey,Consumer,CA,92843,Fitness,33.77404404,-117.9734497,Turquía,2615,10/30/2016 6:25,1,22,16.5,West Asia,COMPLETE,135,Nike Dri-FIT Crew Sock 6 Pack,22,11/05/16 06:25,Second Class
DEBIT,22,Late delivery,Hockey,Corporate,CA,92113,Fitness,32.71987534,-117.1397247,Turquía,415,10/29/2016 11:09,1,22,22,West Asia,ON_HOLD,135,Nike Dri-FIT Crew Sock 6 Pack,22,11/04/16 11:09,Standard Class
TRANSFER,36.08000183,Late delivery,Hockey,Consumer,TX,77840,Fitness,30.62703514,-96.29589081,Turquía,7621,10/23/2016 1:00,2,44,36.08000183,West Asia,PENDING,135,Nike Dri-FIT Crew Sock 6 Pack,22,10/29/2016 1:00,Second Class
DEBIT,35.20000076,Late delivery,Hockey,Consumer,MI,48103,Fitness,32.81396866,-96.78915405,Israel,321,10/22/2016 6:26,2,44,35.20000076,West Asia,ON_HOLD,135,Nike Dri-FIT Crew Sock 6 Pack,22,10/25/2016 6:26,Second Class
DEBIT,33,Late delivery,Hockey,Consumer,CA,95111,Fitness,37.26375961,-121.8059616,Costa de Marfil,7269,10/22/2016 1:52,2,44,33,West Africa,COMPLETE,135,Nike Dri-FIT Crew Sock 6 Pack,22,10/27/2016 1:52,Standard Class
DEBIT,66,Late delivery,Hockey,Consumer,NY,10458,Fitness,40.87030411,-73.87062073,Senegal,8544,10/11/16 15:22,3,66,66,West Africa,COMPLETE,135,Nike Dri-FIT Crew Sock 6 Pack,22,10/16/2016 15:22,Standard Class
PAYMENT,21.55999947,Late delivery,Hockey,Consumer,CO,80501,Fitness,40.1901207,-105.1010666,Ucrania,11204,10/10/16 15:12,1,22,21.55999947,Eastern Europe,PENDING_PAYMENT,135,Nike Dri-FIT Crew Sock 6 Pack,22,10/16/2016 15:12,Second Class
PAYMENT,73.91999817,Late delivery,Hockey,Corporate,CA,92701,Fitness,33.75128937,-117.8674774,Nigeria,11412,10/08/16 08:33,4,88,73.91999817,West Africa,PENDING_PAYMENT,135,Nike Dri-FIT Crew Sock 6 Pack,22,10/13/2016 8:33,Standard Class
TRANSFER,91.30000305,Shipping canceled,Hockey,Consumer,GA,30080,Fitness,33.897789,-84.53984833,Turquía,8400,10/05/16 06:59,5,110,91.30000305,West Asia,CANCELED,135,Nike Dri-FIT Crew Sock 6 Pack,22,10/10/16 06:59,Standard Class
DEBIT,64.68000031,Late delivery,Hockey,Consumer,CA,95148,Fitness,37.32554245,-121.7993469,Irán,3246,9/18/2016 14:11,3,66,64.68000031,South Asia,COMPLETE,135,Nike Dri-FIT Crew Sock 6 Pack,22,9/24/2016 14:11,Second Class
PAYMENT,21.34000015,Late delivery,Hockey,Consumer,OR,97206,Fitness,45.5698967,-122.6953888,Irak,1490,9/13/2016 9:27,1,22,21.34000015,West Asia,PENDING_PAYMENT,135,Nike Dri-FIT Crew Sock 6 Pack,22,9/15/2016 9:27,First Class
CASH,43.11999893,Late delivery,Hockey,Consumer,IL,60647,Fitness,41.95278549,-87.79695129,Senegal,8663,09/08/16 03:41,2,44,43.11999893,West Africa,CLOSED,135,Nike Dri-FIT Crew Sock 6 Pack,22,9/14/2016 3:41,Standard Class
DEBIT,42.68000031,Shipping on time,Hockey,Corporate,OH,44109,Fitness,41.42448425,-81.49801636,Argelia,7114,09/01/16 05:16,2,44,42.68000031,North Africa,COMPLETE,135,Nike Dri-FIT Crew Sock 6 Pack,22,09/01/16 17:16,Same Day
DEBIT,63.36000061,Advance shipping,Hockey,Consumer,CA,93727,Fitness,36.78148651,-119.7815475,Irak,6450,8/30/2016 9:50,3,66,63.36000061,West Asia,COMPLETE,135,Nike Dri-FIT Crew Sock 6 Pack,22,09/01/16 09:50,Standard Class
DEBIT,21.12000084,Advance shipping,Hockey,Consumer,VA,22192,Fitness,38.68707275,-77.37987518,Estados Unidos,1153,8/21/2016 8:37,1,22,21.12000084,West of USA ,COMPLETE,135,Nike Dri-FIT Crew Sock 6 Pack,22,8/23/2016 8:37,Standard Class
PAYMENT,42.24000168,Late delivery,Hockey,Corporate,NJ,8540,Fitness,40.35742188,-74.64842224,Estados Unidos,10499,8/19/2016 22:38,2,44,42.24000168,West of USA ,PENDING_PAYMENT,135,Nike Dri-FIT Crew Sock 6 Pack,22,8/24/2016 22:38,Standard Class
PAYMENT,62.36999893,Late delivery,Hockey,Home Office,NY,10021,Fitness,40.64249039,-73.99433136,Estados Unidos,9742,08/07/16 09:41,3,66,62.36999893,East of USA,PENDING_PAYMENT,135,Nike Dri-FIT Crew Sock 6 Pack,22,8/13/2016 9:41,Standard Class
TRANSFER,20.45999908,Advance shipping,Hockey,Corporate,IN,46226,Fitness,39.83699036,-86.01907349,Estados Unidos,4316,08/03/16 11:48,1,22,20.45999908,South of  USA ,PROCESSING,135,Nike Dri-FIT Crew Sock 6 Pack,22,08/06/16 11:48,Standard Class
DEBIT,61.38000107,Late delivery,Hockey,Corporate,CA,92503,Fitness,33.92877579,-117.4478455,Estados Unidos,10893,08/02/16 18:38,3,66,61.38000107,East of USA,COMPLETE,135,Nike Dri-FIT Crew Sock 6 Pack,22,08/03/16 06:38,Same Day
PAYMENT,60.06000137,Advance shipping,Hockey,Consumer,CA,93905,Fitness,36.82228851,-121.5697632,Estados Unidos,8744,08/01/16 03:23,3,66,60.06000137,US Center ,PENDING_PAYMENT,135,Nike Dri-FIT Crew Sock 6 Pack,22,08/03/16 03:23,Standard Class
TRANSFER,59.40000153,Shipping canceled,Hockey,Home Office,MI,49509,Fitness,42.3543663,-83.15771484,Estados Unidos,11616,7/31/2016 4:16,3,66,59.40000153,West of USA ,SUSPECTED_FRAUD,135,Nike Dri-FIT Crew Sock 6 Pack,22,08/06/16 04:16,Second Class
PAYMENT,90.19999695,Advance shipping,Hockey,Home Office,CO,80219,Fitness,39.68975067,-105.0245895,Estados Unidos,6499,7/26/2016 2:00,5,110,90.19999695,East of USA,PENDING_PAYMENT,135,Nike Dri-FIT Crew Sock 6 Pack,22,7/28/2016 2:00,Standard Class
DEBIT,88,Shipping on time,Hockey,Corporate,CA,91748,Fitness,34.00062561,-117.9077301,Estados Unidos,8478,7/15/2016 12:00,5,110,88,West of USA ,COMPLETE,135,Nike Dri-FIT Crew Sock 6 Pack,22,7/17/2016 12:00,Second Class
DEBIT,19.79999924,Shipping on time,Hockey,Home Office,CA,91941,Fitness,32.76065064,-117.0166702,Estados Unidos,5845,7/14/2016 6:55,1,22,19.79999924,East of USA,COMPLETE,135,Nike Dri-FIT Crew Sock 6 Pack,22,7/18/2016 6:55,Standard Class
TRANSFER,19.36000061,Shipping on time,Hockey,Consumer,CA,92084,Fitness,33.21837997,-117.2267685,Estados Unidos,9807,7/13/2016 2:53,1,22,19.36000061,US Center ,PROCESSING,135,Nike Dri-FIT Crew Sock 6 Pack,22,7/17/2016 2:53,Standard Class
PAYMENT,57.41999817,Late delivery,Hockey,Consumer,OR,97206,Fitness,45.45874023,-122.5946426,Estados Unidos,9326,07/02/16 08:20,3,66,57.41999817,East of USA,PENDING_PAYMENT,135,Nike Dri-FIT Crew Sock 6 Pack,22,07/08/16 08:20,Standard Class
DEBIT,18.70000076,Advance shipping,Hockey,Consumer,TX,75006,Fitness,32.96593094,-96.84902191,Estados Unidos,2641,6/26/2016 19:33,1,22,18.70000076,East of USA,COMPLETE,135,Nike Dri-FIT Crew Sock 6 Pack,22,6/28/2016 19:33,Standard Class
DEBIT,82.5,Late delivery,Hockey,Corporate,TX,75217,Fitness,32.71303558,-96.69631958,Estados Unidos,10245,6/26/2016 10:06,5,110,82.5,South of  USA ,COMPLETE,135,Nike Dri-FIT Crew Sock 6 Pack,22,07/01/16 10:06,Standard Class
TRANSFER,110,Shipping on time,Hockey,Corporate,TX,78539,Fitness,26.28962517,-98.21530914,Estados Unidos,1168,6/21/2016 22:53,5,110,110,South of  USA ,PROCESSING,135,Nike Dri-FIT Crew Sock 6 Pack,22,6/25/2016 22:53,Standard Class
TRANSFER,88,Late delivery,Hockey,Corporate,CO,80013,Fitness,39.49591446,-98.98998261,Estados Unidos,10291,6/13/2016 17:18,4,88,88,South of  USA ,PENDING,135,Nike Dri-FIT Crew Sock 6 Pack,22,6/18/2016 17:18,Second Class
DEBIT,107.8000031,Late delivery,Hockey,Consumer,TN,38127,Fitness,35.20695877,-90.01077271,Estados Unidos,11044,06/12/16 23:26,5,110,107.8000031,East of USA,COMPLETE,135,Nike Dri-FIT Crew Sock 6 Pack,22,6/16/2016 23:26,Second Class
TRANSFER,86.23999786,Shipping canceled,Hockey,Corporate,MI,48843,Fitness,42.60770416,-83.93352509,Estados Unidos,1804,06/05/16 19:03,4,88,86.23999786,West of USA ,SUSPECTED_FRAUD,135,Nike Dri-FIT Crew Sock 6 Pack,22,06/06/16 07:03,Same Day
CASH,56.09999847,Late delivery,Hockey,Corporate,NY,14221,Fitness,42.9666214,-78.74194336,Estados Unidos,1718,5/30/2016 21:52,3,66,56.09999847,US Center ,CLOSED,135,Nike Dri-FIT Crew Sock 6 Pack,22,06/01/16 21:52,First Class
TRANSFER,105.5999985,Shipping on time,Hockey,Consumer,TX,75240,Fitness,32.93148804,-96.81433868,Estados Unidos,2353,5/13/2016 22:46,5,110,105.5999985,West of USA ,PENDING,135,Nike Dri-FIT Crew Sock 6 Pack,22,5/15/2016 22:46,Second Class
PAYMENT,38.72000122,Late delivery,Hockey,Consumer,CA,92115,Fitness,32.75856018,-117.0881882,Estados Unidos,1445,05/11/16 03:30,2,44,38.72000122,West of USA ,PENDING_PAYMENT,135,Nike Dri-FIT Crew Sock 6 Pack,22,5/16/2016 3:30,Second Class
TRANSFER,104.5,Late delivery,Hockey,Consumer,NY,11368,Fitness,40.74443436,-73.86535645,Estados Unidos,6199,05/09/16 14:43,5,110,104.5,East of USA,PENDING,135,Nike Dri-FIT Crew Sock 6 Pack,22,5/14/2016 14:43,Standard Class
PAYMENT,38.27999878,Late delivery,Hockey,Consumer,OH,43701,Fitness,39.94148636,-82.00222015,Estados Unidos,6817,05/09/16 01:45,2,44,38.27999878,West of USA ,PENDING_PAYMENT,135,Nike Dri-FIT Crew Sock 6 Pack,22,05/11/16 01:45,First Class
PAYMENT,18.26000023,Advance shipping,Hockey,Home Office,IN,46360,Fitness,41.68772507,-86.94359589,Estados Unidos,7226,05/08/16 13:08,1,22,18.26000023,US Center ,PENDING_PAYMENT,135,Nike Dri-FIT Crew Sock 6 Pack,22,05/10/16 13:08,Standard Class
TRANSFER,37.40000153,Shipping on time,Hockey,Consumer,CA,92024,Fitness,33.04551697,-117.2644043,Estados Unidos,12142,4/30/2016 4:24,2,44,37.40000153,US Center ,PROCESSING,135,Nike Dri-FIT Crew Sock 6 Pack,22,05/04/16 04:24,Standard Class
DEBIT,18.04000092,Advance shipping,Hockey,Home Office,CA,90805,Fitness,33.87775421,-118.18116,Estados Unidos,10341,4/18/2016 18:46,1,22,18.04000092,US Center ,ON_HOLD,135,Nike Dri-FIT Crew Sock 6 Pack,22,4/21/2016 18:46,Standard Class
PAYMENT,36.52000046,Late delivery,Hockey,Consumer,WI,53081,Fitness,43.70306015,-87.76602936,Estados Unidos,11338,4/18/2016 17:01,2,44,36.52000046,South of  USA ,PENDING_PAYMENT,135,Nike Dri-FIT Crew Sock 6 Pack,22,4/20/2016 17:01,First Class
PAYMENT,83.16000366,Advance shipping,Hockey,Corporate,IL,61265,Fitness,41.47153473,-90.51631165,Estados Unidos,6301,4/15/2016 3:11,4,88,83.16000366,US Center ,PENDING_PAYMENT,135,Nike Dri-FIT Crew Sock 6 Pack,22,4/18/2016 3:11,Standard Class
CASH,36.08000183,Late delivery,Hockey,Home Office,IL,60123,Fitness,42.03330612,-88.29245758,Estados Unidos,1812,04/12/16 13:11,2,44,36.08000183,West of USA ,CLOSED,135,Nike Dri-FIT Crew Sock 6 Pack,22,4/18/2016 13:11,Standard Class
TRANSFER,16.5,Shipping canceled,Hockey,Consumer,CA,93535,Fitness,34.69703293,-118.0883026,Nueva Zelanda,11388,04/01/16 00:45,1,22,16.5,Oceania,CANCELED,135,Nike Dri-FIT Crew Sock 6 Pack,22,04/03/16 00:45,Second Class
DEBIT,35.20000076,Late delivery,Hockey,Consumer,VA,23452,Fitness,36.82411957,-76.12789154,Nueva Zelanda,5621,3/27/2016 20:33,2,44,35.20000076,Oceania,COMPLETE,135,Nike Dri-FIT Crew Sock 6 Pack,22,04/02/16 20:33,Standard Class
TRANSFER,103.9499969,Advance shipping,Hockey,Consumer,AZ,85283,Fitness,33.33686447,-111.970314,Nueva Zelanda,757,3/18/2016 13:02,5,110,103.9499969,Oceania,PROCESSING,135,Nike Dri-FIT Crew Sock 6 Pack,22,3/21/2016 13:02,Standard Class
DEBIT,22,Late delivery,Hockey,Consumer,CA,94509,Fitness,38.00168991,-121.8279724,China,2938,03/10/16 18:18,1,22,22,Eastern Asia,ON_HOLD,135,Nike Dri-FIT Crew Sock 6 Pack,22,03/12/16 18:18,First Class
DEBIT,21.78000069,Late delivery,Hockey,Consumer,TX,77055,Fitness,29.71730995,-95.67306519,Vietnam,312,03/10/16 13:45,1,22,21.78000069,Southeast Asia,ON_HOLD,135,Nike Dri-FIT Crew Sock 6 Pack,22,03/12/16 13:45,First Class
DEBIT,21.55999947,Shipping on time,Hockey,Consumer,IL,60643,Fitness,41.6971283,-87.67146301,Australia,9337,03/02/16 22:31,1,22,21.55999947,Oceania,COMPLETE,135,Nike Dri-FIT Crew Sock 6 Pack,22,03/06/16 22:31,Standard Class
TRANSFER,43.56000137,Late delivery,Hockey,Home Office,GA,30093,Fitness,34.02620316,-84.34632111,Filipinas,11413,03/01/16 04:50,2,44,43.56000137,Southeast Asia,PENDING,135,Nike Dri-FIT Crew Sock 6 Pack,22,03/03/16 04:50,First Class
